@article{adachi1979thecal,
title={The thecal structure of a marine toxic dinoflagellate \emph{Gambierdiscus toxicus} gen. et sp. nov. collected in a ciguatera-endemic area},
author={Adachi, Rokuro and Fukuyo, Yasuwo},
journal={Bulletin of the Japanese Society of Scientific Fisheries (Japan)},
year={1979}
}
@article{adams1993outbreak,
title={An outbreak of ciguatera poisoning in a group of scuba divers},
author={Adams, Mary Jane},
journal={Journal of Wilderness Medicine},
volume={4},
number={3},
pages={304--311},
year={1993},
publisher={Elsevier}
}
@inproceedings{aligizaki2009toxic,
title={Toxic benthic dinoflagellates spreading and potential risk in the Mediterranean Sea},
author={Aligizaki, K and Katikou, P and Nikolaidis, G},
booktitle={Abstract book of the 7th International Conference in Molluscan Shellfish Safety},
year={2009}
}
@article{aligizaki2008morphological,
title={Morphological identification of two tropical dinoflagellates of the genera \emph{Gambierdiscus} and \emph{Sinophysis} in the Mediterranean Sea},
author={Aligizaki, Katerina and Nikolaidis, Georgios},
journal={Journal of biological research-Thessaloniki},
volume={9},
pages={75--82},
year={2008}
}
@article{fraga2011gambierdiscus,
title={\emph{Gambierdiscus excentricus} sp. nov.({D}inophyceae), a benthic toxic dinoflagellate from the {C}anary {I}slands ({NE} {A}tlantic {O}cean)},
author={Fraga, Santiago and Rodr{\'\i}guez, Francisco and Caillaud, Amandine and Diog{\`e}ne, Jorge and Raho, Nicol{\'a}s and Zapata, Manuel},
journal={Harmful Algae},
volume={11},
pages={10--22},
year={2011},
publisher={Elsevier}
}
@article{parsons2012gambierdiscus,
title={\emph{Gambierdiscus} and \emph{Ostreopsis}: Reassessment of the state of knowledge of their taxonomy, geography, ecophysiology, and toxicology},
author={Parsons, Michael L and Aligizaki, Katerina and Bottein, Marie-Yasmine Dechraoui and Fraga, Santiago and Morton, Steve L and Penna, Antonella and Rhodes, Lesley},
journal={Harmful algae},
volume={14},
pages={107--129},
year={2012},
publisher={Elsevier}
}
@article{jeong2012first,
title={First report of the epiphytic dinoflagellate \emph{Gambierdiscus caribaeus} in the temperate waters off Jeju Island, Korea: Morphology and molecular characterization},
author={Jeong, Hae Jin and Lim, An Suk and Jang, Se Hyeon and Yih, Won Ho and Kang, Nam Seon and Lee, Sung Yeon and Yoo, Yeong Du and Kim, Hyung Seop},
journal={Journal of Eukaryotic Microbiology},
volume={59},
number={6},
pages={637--650},
year={2012},
publisher={Wiley Online Library}
}
@article{garces2012habitat,
title={Habitat changes in the Mediterranean Sea and the consequences for harmful algal blooms formation},
author={Garc{\'e}s, Esther and Camp, Jordi and others},
journal={Life in the Mediterranean Sea: a look at habitat changes. Nova Science Publishers Inc, Hauppauge},
year={2012}
}
@article{lejeusne2010climate,
title={Climate change effects on a miniature ocean: the highly diverse, highly impacted Mediterranean Sea},
author={Lejeusne, Christophe and Chevaldonn{\'e}, Pierre and Pergent-Martini, Christine and Boudouresque, Charles F and P{\'e}rez, Thierry},
journal={Trends in Ecology \& Evolution},
volume={25},
number={4},
pages={250--260},
year={2010},
publisher={Elsevier}
}
@article{zenetos2009aquatic,
title={Aquatic alien species in Greece(2009): tracking sources, patterns and effects on the ecosystem},
author={Zenetos, Argyro and Pancucci-Papadopoulou, Maria and Zogaris, Stamatis and Papastergiadou, Eva and Vardakas, Leonidas and Aligizaki, Katerina and Economou, Alciviades N and Aristotle University of Thessaloniki(Greece)},
journal={Journal of Biological Research. Scientific Annals of the School of Biology},
volume={12},
pages={135--172},
year={2009}
}
@article{bagnis1979clinical,
title={Clinical observations on 3,009 cases of ciguatera (fish poisoning) in the South Pacific.},
author={Bagnis, R and Kuberski, T and Laugier, S},
journal={The American journal of tropical medicine and hygiene},
volume={28},
number={6},
pages={1067--1073},
year={1979}
}
@article{besada1982observations,
title={Observations on tropical, benthic dinoflagellates from ciguatera-endemic areas: \emph{Coolia}, \emph{Gambierdiscus}, and \emph{Ostreopsis}},
author={Besada, EG and Loeblich, LA and Loeblich III, AR},
journal={Bulletin of Marine Science},
volume={32},
number={3},
pages={723--735},
year={1982},
publisher={University of Miami-Rosenstiel School of Marine and Atmospheric Science}
}
@article{pawlowiez2014transcriptome,
title={Transcriptome sequencing reveals single domain Type I-like polyketide synthases in the toxic dinoflagellate \emph{Gambierdiscus polynesiensis}},
author={Pawlowiez, R and Morey, JS and Darius, HT and Chinain, M and Van Dolah, FM},
journal={Harmful Algae},
volume={36},
pages={29--37},
year={2014},
publisher={Elsevier}
}
@article{ballantine1988population,
title={Population dynamics and toxicity of natural populations of benthic dinoflagellates in southwestern Puerto Rico},
author={Ballantine, David L and Tosteson, Thomas R and Bardales, Ana T},
journal={Journal of experimental marine biology and ecology},
volume={119},
number={3},
pages={201--212},
year={1988},
publisher={Elsevier}
}
@article{berdalet2012global,
title={Global ecology and oceanography of harmful algal blooms, {GEOHAB} Core Research Project: {HAB}s in benthic systems},
author={Berdalet, Elisa and Bravo, Isabel and Evans, Jacqueline and Fraga, Santiago and Kibler, S and Kudela, M and Larsen, J and Litaker, W and Penna, Antonella and Tester, P and others},
journal={GEOHAB report},
year={2012},
publisher={Scientific Committee on Oceanic Research (SCOR)}
}
@article{bienfang2008ciguatera,
title={Ciguatera: the detection of neurotoxins in carnivorous reef fish from the coast of Cameroon, West Africa},
author={Bienfang, P and Oben, B and DeFelice, S and Moeller, P and Huncik, K and Oben, P and Toonen, R and Daly-Engel, T and Bowen, B},
journal={African Journal of Marine Science},
volume={30},
number={3},
pages={533--540},
year={2008},
publisher={Taylor \& Francis}
}
@article{boisier1995fatal,
title={Fatal mass poisoning in madagascar following ingestion of a shark (\emph{Carcharhinus leucas}): Clinical and epidemiological aspects and isolation of toxins},
author={Boisier, Pascal and Ranaivoson, G{\'e}rard and Rasolofonirina, No{\"e}lson and Roux, Jean and Chanteau, Suzanne and Takeshi, Yasumoto and others},
journal={Toxicon},
volume={33},
number={10},
pages={1359--1364},
year={1995},
publisher={Elsevier}
}
@article{caillaud2010update,
title={Update on methodologies available for ciguatoxin determination: perspectives to confront the onset of ciguatera fish poisoning in Europe},
author={Caillaud, Amandine and De la Iglesia, Pablo and Darius, H Taiana and Pauillac, Serge and Aligizaki, Katerina and Fraga, Santiago and Chinain, Mireille and Diog{\`e}ne, Jorge},
journal={Marine drugs},
volume={8},
number={6},
pages={1838--1907},
year={2010},
publisher={Molecular Diversity Preservation International}
}
@article{campora2008detection,
title={Detection of ciguatoxin in fish tissue using sandwich ELISA and neuroblastoma cell bioassay},
author={Campora, Cara Empey and Dierking, Jan and Tamaru, Clyde S and Hokama, Yoshitsugi and Vincent, Douglas},
journal={Journal of clinical laboratory analysis},
volume={22},
number={4},
pages={246--253},
year={2008},
publisher={Wiley Online Library}
}
@article{campora2010evaluating,
title={Evaluating the risk of ciguatera fish poisoning from reef fish grown at marine aquaculture facilities in Hawai'i},
author={Campora, Cara Empey and Hokama, Yoshitsugi and Tamaru, Clyde S and Anderson, Bruce and Vincent, Douglas},
journal={Journal of the World Aquaculture Society},
volume={41},
number={1},
pages={61--70},
year={2010},
publisher={Wiley Online Library}
}
@article{chinain1997intraspecific,
title={Intraspecific variation in the dinoflagellate \emph{Gambierdiscus toxicus} ({D}inophyceae). I. Isozyme Analysis},
author={Chinain, Mireille and Germain, Michel and Sako, Yoshihiko and Pauillac, Serge and Legrand, Anne-Marie},
journal={Journal of {P}hycology},
volume={33},
number={1},
pages={36--43},
year={1997},
publisher={Wiley Online Library}
}
@article{chinain1999morphology,
title={Morphology and molecular analyses of three toxic species of \emph{Gambierdiscus} ({D}inophyceae): \emph{G. pacificus}, sp. nov., \emph{G. australes}, sp. nov., and \emph{G. polynesiensis}, sp. nov.},
author={Chinain, Mireille and Faust, Maria A and Pauillac, Serge},
journal={Journal of {P}hycology},
volume={35},
number={6},
pages={1282--1296},
year={1999},
publisher={Wiley Online Library}
}
@article{chinain1999seasonal,
title={Seasonal abundance and toxicity of the dinoflagellate \emph{Gambierdiscus} spp.({D}inophyceae), the causative agent of ciguatera in Tahiti, French Polynesia},
author={Chinain, M and Germain, M and Deparis, X and Pauillac, S and Legrand, A-M},
journal={Marine Biology},
volume={135},
number={2},
pages={259--267},
year={1999},
publisher={Springer}
}
@article{chinain2010growth,
title={Growth and toxin production in the ciguatera-causing dinoflagellate \emph{Gambierdiscus polynesiensis} ({D}inophyceae) in culture},
author={Chinain, Mireille and Darius, H Taiana and Ung, Andre and Cruchet, Philippe and Wang, Zhihong and Ponton, Dominique and Laurent, Dominique and Pauillac, Serge},
journal={Toxicon},
volume={56},
number={5},
pages={739--750},
year={2010},
publisher={Elsevier}
}
@article{cruz2006macroalgal,
title={Macroalgal palatability and the flux of ciguatera toxins through marine food webs},
author={Cruz-Rivera, Edwin and Villareal, Tracy A},
journal={Harmful Algae},
volume={5},
number={5},
pages={497--525},
year={2006},
publisher={Elsevier}
}
@article{darius2007ciguatera,
title={Ciguatera risk assessment in two toxic sites of French Polynesia using the receptor-binding assay},
author={Darius, HT and Ponton, Dominique and Revel, T and Cruchet, P and Ung, A and Tchou Fouc, M and Chinain, M},
journal={Toxicon},
volume={50},
number={5},
pages={612--626},
year={2007},
publisher={Elsevier}
}
@article{dechraoui2005use,
title={Use of two detection methods to discriminate ciguatoxins from brevetoxins: application to great barracuda from Florida Keys},
author={Dechraoui, M and Bottein, Yasmine and Tiedeken, Jessica A and Persad, Renuka and Wang, Zhihong and Granade, H and Dickey, Robert W and Ramsdell, John S},
journal={Toxicon},
volume={46},
number={3},
pages={261--270},
year={2005},
publisher={Elsevier}
}
@article{dickey2010ciguatera,
title={Ciguatera: a public health perspective},
author={Dickey, Robert W and Plakas, Steven M},
journal={Toxicon},
volume={56},
number={2},
pages={123--136},
year={2010},
publisher={Elsevier}
}
@article{endean1993variation,
title={Variation in the toxins present in ciguateric narrow-barred Spanish mackerel, \emph{Scomberomorus commersoni}},
author={Endean, R and Griffith, JK and Robins, JJ and Llewellyn, LE and Monks, SA},
journal={Toxicon},
volume={31},
number={6},
pages={723--732},
year={1993},
publisher={Elsevier}
}
@article{faust1995observation,
title={Observation of sand-dwelling toxic dinoflagellates ({D}inophyceae) from widely differing sites, including two new species},
author={Faust, Maria A},
journal={Journal of {P}hycology},
volume={31},
number={6},
pages={996--1003},
year={1995},
publisher={Wiley Online Library}
}
@article{fleming1998seafood,
title={Seafood toxin diseases: issues in epidemiology and community outreach},
author={Fleming, Lora E and Baden, Daniel G and Bean, Judy A and Weisman, Richard and Blythe, Donna G},
journal={Harmful Algae},
pages={245--248},
year={1998},
publisher={Xunta de Galicia and Intergovernmental Oceanographic Commission of UNESCO: Galicia, Spain}
}
@article{friedman2008ciguatera,
title={Ciguatera fish poisoning: treatment, prevention and management},
author={Friedman, Melissa A and Fleming, Lora E and Fernandez, Mercedes and Bienfang, Paul and Schrank, Kathleen and Dickey, Robert and Bottein, Marie-Yasmine and Backer, Lorraine and Ayyar, Ram and Weisman, Richard and others},
journal={Marine drugs},
volume={6},
number={3},
pages={456--479},
year={2008},
publisher={Molecular Diversity Preservation International}
}
@article{lewis1993origin,
title={Origin and transfer of toxins involved in ciguatera},
author={Lewis, Richard J and Holmes, Michael J},
journal={Comparative Biochemistry and Physiology Part C: Pharmacology, Toxicology and Endocrinology},
volume={106},
number={3},
pages={615--628},
year={1993},
publisher={Elsevier}
}
@article{glaziou1994epidemiology,
title={The epidemiology of ciguatera fish poisoning},
author={Glaziou, Philippe and Legrand, Anne-Marie},
journal={Toxicon},
volume={32},
number={8},
pages={863--873},
year={1994},
publisher={Elsevier}
}
@article{glaziou1993study,
title={Study of factors that influence the clinical response to ciguatera fish poisoning},
author={Glaziou, Philippe and Martin, Paul},
journal={Toxicon},
volume={31},
number={9},
pages={1151--1154},
year={1993},
publisher={Elsevier}
}
@article{grzebyk1994ecology,
title={Ecology of ciguateric dinoflagellates in the coral reef complex of Mayotte Island (SW Indian Ocean)},
author={Grzebyk, Daniel and Berland, Brigitte and Thomassin, Bernard A and Bosi, Claude and Arnoux, Andr{\'e}},
journal={Journal of Experimental Marine biology and ecology},
volume={178},
number={1},
pages={51--66},
year={1994},
publisher={Elsevier}
}
@article{hallegraeff2010ocean,
title={Ocean climate change, phytoplankton community responses, and harmful algal blooms: A formidable predictive challenge},
author={Hallegraeff, Gustaaf M},
journal={Journal of {P}hycology},
volume={46},
number={2},
pages={220--235},
year={2010},
publisher={Wiley Online Library}
}
@article{hamilton2002multiple,
title={Multiple ciguatoxins present in Indian Ocean reef fish},
author={Hamilton, Brett and Hurbungs, Mira and Jones, Alun and Lewis, Richard J},
journal={Toxicon},
volume={40},
number={9},
pages={1347--1353},
year={2002},
publisher={Elsevier}
}
@article{hamilton2002isolation,
title={Isolation and characterisation of Indian Ocean ciguatoxin},
author={Hamilton, Brett and Hurbungs, Mira and Vernoux, Jean-Paul and Jones, Alun and Lewis, Richard J},
journal={Toxicon},
volume={40},
number={6},
pages={685--693},
year={2002},
publisher={Elsevier}
}
@article{hirama2001total,
title={Total synthesis of ciguatoxin CTX3C},
author={Hirama, Masahiro and Oishi, Tohru and Uehara, Hisatoshi and Inoue, Masayuki and Maruyama, Megumi and Oguri, Hiroki and Satake, Masayuki},
journal={Science},
volume={294},
number={5548},
pages={1904--1907},
year={2001},
publisher={American Association for the Advancement of Science}
}
@article{hoffman1983mouse,
title={The mouse ciguatoxin bioassay: a dose-response curve and symptomatology analysis},
author={Hoffman, Patricia A and Granade, H and McMillan, Joseph P},
journal={Toxicon},
volume={21},
number={3},
pages={363--369},
year={1983},
publisher={Elsevier}
}
@article{hokama1977radioimmunoassay,
title={A radioimmunoassay for the detection of ciguatoxin},
author={Hokama, Y and Banner, AH and Boylan, DB},
journal={Toxicon},
volume={15},
number={4},
pages={317--325},
year={1977},
publisher={Elsevier}
}
@article{hokama1983rapid,
title={A rapid enzyme-immunoassay for the detection of ciguatoxin in contaminated fish tissues},
author={Hokama, Y and Abad, MA and Kimura, LH},
journal={Toxicon},
volume={21},
number={6},
pages={817--824},
year={1983},
publisher={Elsevier}
}
@article{hokama1985rapid,
title={A rapid, simplified enzyme immunoassay stick test for the detection of ciguatoxin and related polyethers from fish tissues},
author={Hokama, Yoshitsugi},
journal={Toxicon},
volume={23},
number={6},
pages={939--946},
year={1985},
publisher={Elsevier}
}
@article{hokama2001ciguatera,
title={Ciguatera fish poisoning: a foodborne disease},
author={Hokama, Y and Yoshikawa-Ebesu, JSM},
journal={Toxin Reviews},
volume={20},
number={2},
pages={85--139},
year={2001},
publisher={Informa UK Ltd UK}
}
@article{holland2013differences,
title={Differences in the toxicity of six \emph{Gambierdiscus} ({D}inophyceae) species measured using an \emph{in vitro} human erythrocyte lysis assay},
author={Holland, William C and Litaker, R Wayne and Tomas, Carmelo R and Kibler, Steven R and Place, Allen R and Davenport, Erik D and Tester, Patricia A},
journal={Toxicon},
volume={65},
pages={15--33},
year={2013},
publisher={Elsevier}
}
@article{holmes1990toxicity,
title={Toxicity of Australian and French Polynesian strains of \emph{Gambierdiscus toxicus} ({D}inophyceae) grown in culture: Characterization of a new type of maitotoxin},
author={Holmes, Michael J and Lewis, Richard J and Gillespie, Noel C},
journal={Toxicon},
volume={28},
number={10},
pages={1159--1172},
year={1990},
publisher={Elsevier}
}
@article{holmes1991strain,
title={Strain dependent production of ciguatoxin precursors (gambiertoxins) by \emph{Gambierdiscus toxicus} ({D}inophyceae) in culture},
author={Holmes, Michael J and Lewis, Richard J and Poli, Mark A and Gillespie, Noel C},
journal={Toxicon},
volume={29},
number={6},
pages={761--775},
year={1991},
publisher={Elsevier}
}
@article{holmes1994purification,
title={Purification and characterisation of large and small maitotoxins from cultured \emph{Gambierdiscus toxicus}},
author={Holmes, Michael J and Lewis, Richard J},
journal={Natural toxins},
volume={2},
number={2},
pages={64--72},
year={1994},
publisher={Wiley Online Library}
}
@article{holmes1998gambierdiscus,
title={\emph{Gambierdiscus yasumotoi} sp. nov.({D}inophyceae), a toxic benthic dinoflagellate from southeastern {A}sia},
author={Holmes, Michael James},
journal={Journal of {P}hycology},
volume={34},
number={4},
pages={661--668},
year={1998},
publisher={Wiley Online Library}
}
@article{kohli2014cob,
title={Cob gene pyrosequencing enables characterization of benthic dinoflagellate diversity and biogeography},
author={Kohli, Gurjeet S and Neilan, Brett A and Brown, Mark V and Hoppenrath, Mona and Murray, Shauna A},
journal={Environmental microbiology},
volume={16},
number={2},
pages={467--485},
year={2014},
publisher={Wiley Online Library}
}
@article{kuno2010genetic,
title={Genetic diversity of \emph{Gambierdiscus} spp.({G}onyaulacales, {D}inophyceae) in Japanese coastal areas},
author={Kuno, Sotaro and Kamikawa, Ryoma and Yoshimatsu, Sadaaki and Sagara, Takefumi and Nishio, Sachio and Sako, Yoshihiko},
journal={Phycological research},
volume={58},
number={1},
pages={44--52},
year={2010},
publisher={Wiley Online Library}
}
@article{labrousse1996toxicological,
title={Toxicological biotest on Diptera larvae to detect ciguatoxins and various other toxic substances},
author={Labrousse, Hubert and Matile, Lo{\"\i}c},
journal={Toxicon},
volume={34},
number={8},
pages={881--891},
year={1996},
publisher={Elsevier}
}
@article{larson1967ciguatera,
title={Ciguatera poisoning by the horse-eye jack, \emph{Caranx latus}, a carangid fish from the tropical Atlantic},
author={Larson, Edward and Rothman, Louis},
journal={Toxicon},
volume={5},
number={2},
pages={121--124},
year={1967},
publisher={Elsevier}
}
@article{nishimura2013genetic,
title={Genetic diversity and distribution of the ciguatera-causing dinoflagellate \emph{Gambierdiscus} spp.({D}inophyceae) in coastal areas of {J}apan},
author={Nishimura, Tomohiro and Sato, Shinya and Tawong, Wittaya and Sakanari, Hiroshi and Uehara, Keita and Shah, Md Mahfuzur Rahman and Suda, Shoichiro and Yasumoto, Takeshi and Taira, Yohsuke and Yamaguchi, Haruo and others},
journal={PloS one},
volume={8},
number={4},
pages={e60882},
year={2013},
publisher={Public Library of Science}
}
@article{legrand1989isolation,
title={Isolation and some properties of ciguatoxin},
author={Legrand, AM and Litaudon, M and Genthon, JN and Bagnis, R and Yasumoto, T},
journal={Journal of applied {P}hycology},
volume={1},
number={2},
pages={183--188},
year={1989},
publisher={Springer}
}
@article{lehane2000ciguatera,
title={Ciguatera: recent advances but the risk remains},
author={Lehane, Leigh and Lewis, Richard J},
journal={International journal of food microbiology},
volume={61},
number={2},
pages={91--125},
year={2000},
publisher={Elsevier}
}
@article{lewis2001changing,
title={The changing face of ciguatera},
author={Lewis, Richard J},
journal={Toxicon},
volume={39},
number={1},
pages={97--106},
year={2001},
publisher={Elsevier}
}
@article{lewis2009rapid,
title={Rapid extraction combined with LC-tandem mass spectrometry (CREM-LC/MS/MS) for the determination of ciguatoxins in ciguateric fish flesh},
author={Lewis, Richard J and Yang, Aijun and Jones, Alun},
journal={Toxicon},
volume={54},
number={1},
pages={62--66},
year={2009},
publisher={Elsevier}
}
@article{lindsay1997chronic,
title={Chronic sequelae of foodborne disease.},
author={Lindsay, James A},
journal={Emerging infectious diseases},
volume={3},
number={4},
pages={443},
year={1997},
publisher={Centers for Disease Control}
}
@article{litaker2010global,
title={Global distribution of ciguatera causing dinoflagellates in the genus \emph{Gambierdiscus}},
author={Litaker, R Wayne and Vandersea, Mark W and Faust, Maria A and Kibler, Steven R and Nau, Amy W and Holland, William C and Chinain, Mireille and Holmes, Michael J and Tester, Patricia A},
journal={Toxicon},
volume={56},
number={5},
pages={711--730},
year={2010},
publisher={Elsevier}
}
@article{lobel1988assessment,
title={Assessment of ciguatera dinoflagellate populations: sample variability and algal substrate selection},
author={Lobel, Phillip S and Anderson, Donald M and Durand-Clement, Monique},
journal={The Biological Bulletin},
volume={175},
number={1},
pages={94--101},
year={1988},
publisher={MBL}
}
@incollection{lu2004harmful,
title={Harmful algal bloom causative collected from Hong Kong waters},
author={Lu, Songhui and Hodgkiss, IJ},
booktitle={Asian Pacific Phycology in the 21st Century: Prospects and Challenges},
pages={231--238},
year={2004},
publisher={Springer}
}
@article{mattei1999neurotoxins,
title={Neurotoxins targetting receptor site 5 of voltage-dependent sodium channels increase the nodal volume of myelinated axons},
author={Mattei, Cesar and Dechraoui, Marie-Yasmine and Molgo, Jordi and Meunier, Frederic A and Legrand, Anne-Marie and Benoit, Evelyne},
journal={Journal of neuroscience research},
volume={55},
number={6},
pages={666--673},
year={1999}
}
@article{mohammad2005marine,
title={Marine epibenthic dinoflagellates from Malaysia -A study of live cultures and preserved samples based on light and scanning electron microscopy},
author={Mohammad-Noor, N and Daugbjerg, Niels and Moestrup, O and Anton, A},
journal={Nordic Journal of Botany},
volume={24},
number={6},
pages={629--690},
year={2005},
publisher={[Copenhagen: Council for Nordic Publications in Botany, 1981-}
}
@article{munir2011occurrence,
title={The occurrence of the ciguatera fish poisoning producing dinoflagellate genus \emph{Gambierdiscus} in Pakistan waters},
author={Munir, Sonia and Siddiqui, PJA and Morton, LS},
journal={Algae},
volume={26},
number={4},
pages={317--325},
year={2011}
}
@article{murata1990structures,
title={Structures and configurations of ciguatoxin from the moray eel \emph{Gymnothorax javanicus} and its likely precursor from the dinoflagellate \emph{Gambierdiscus toxicus}},
author={Murata, Michio and Legrand, Anne M and Ishibashi, Yoshihiko and Fukui, Masakazu and Yasumoto, Takeshi},
journal={Journal of the American Chemical Society},
volume={112},
number={11},
pages={4380--4386},
year={1990},
publisher={ACS Publications}
}
@article{murata1993structure,
title={Structure of maitotoxin},
author={Murata, Michio and Naoki, Hideo and Iwashita, Takashi and Matsunaga, Shigeki and Sasaki, Masahiro and Yokoyama, Akihiro and Yasumoto, Takeshi},
journal={Journal of the American Chemical Society},
volume={115},
number={5},
pages={2060--2062},
year={1993},
publisher={ACS Publications}
}
@article{murata1994structure,
title={Structure and partial stereochemical assignments for maitotoxin, the most toxic and largest natural non-biopolymer},
author={Murata, Michio and Naoki, Hideo and Matsunaga, Shigeki and Satake, Masayuki and Yasumoto, Takeshi},
journal={Journal of the American Chemical Society},
volume={116},
number={16},
pages={7098--7107},
year={1994},
publisher={ACS Publications}
}
@article{murata2000structure,
title={The structure elucidation and biological activities of high molecular weight algal toxins: maitotoxin, prymnesins and zooxanthellatoxins},
author={Murata, Michio and Yasumoto, Takeshi},
journal={Natural product reports},
volume={17},
number={3},
pages={293--314},
year={2000},
publisher={Royal Society of Chemistry}
}
@article{murray2012genetic,
title={Genetic diversity, morphological uniformity and polyketide production in dinoflagellates (\emph{Amphidinium}, Dinoflagellata)},
author={Murray, Shauna A and Garby, Tamsyn and Hoppenrath, Mona and Neilan, Brett A},
journal={PloS one},
volume={7},
number={6},
pages={e38253},
year={2012},
publisher={Public Library of Science}
}
@article{murray2012transcriptomics,
title={Transcriptomics and microbial eukaryote diversity: a way forward},
author={Murray, Shauna A and Patterson, David J and Thessen, Anne E},
journal={Trends in ecology \& evolution},
volume={27},
number={12},
pages={651--652},
year={2012},
publisher={Elsevier Current Trends}
}
@article{nonomura1996complete,
title={The Complete Structure of Maitotoxin, Part II: Configuration of the C135 C142 Side Chain and Absolute Configuration of the Entire Molecule},
author={Nonomura, Taro and Sasaki, Makoto and Matsumori, Nobuaki and Murata, Michio and Tachibana, Kazuo and Yasumoto, Takeshi},
journal={Angewandte Chemie International Edition in English},
volume={35},
number={15},
pages={1675--1678},
year={1996},
publisher={Wiley Online Library}
}
@article{okolodkov2007seasonal,
title={Seasonal changes of benthic and epiphytic dinoflagellates in the Veracruz reef zone, Gulf of Mexico},
author={Okolodkov, Yuri B and Campos-Bautista, Guadalupe and G{\'a}rate-Liz{\'a}rraga, Ismael and Gonz{\'a}lez-Gonz{\'a}lez, Jos{\'e} Antonio Guillermo and Hoppenrath, Mona and Arenas, Virgilio},
journal={Aquatic microbial ecology},
volume={47},
number={3},
pages={223},
year={2007},
publisher={Inter-Research NORDBUNTE 23, D-21385 OLDENDORF LUHE, GERMANY}
}
@article{poli1997identification,
title={Identification of Caribbean ciguatoxins as the cause of an outbreak of fish poisoning among US soldiers in Haiti},
author={Poli, Mark A and Lewis, Richard J and Dickey, Robert W and Musser, Steven M and Buckner, Carole A and Carpenter, Larry G},
journal={Toxicon},
volume={35},
number={5},
pages={733--741},
year={1997},
publisher={Elsevier}
}
@article{pottier2003identification,
title={Identification of slow and fast-acting toxins in a highly ciguatoxic barracuda (\emph{Sphyraena barracuda} by HPLC/MS and radiolabelled ligand binding},
author={Pottier, Ivannah and Hamilton, Brett and Jones, Alun and Lewis, Richard J and Vernoux, Jean Paul},
journal={Toxicon},
volume={42},
number={6},
pages={663--672},
year={2003},
publisher={Elsevier}
}
@article{rhodes2010toxic,
title={Toxic dinoflagellates ({D}inophyceae) from {R}arotonga, {C}ook {I}slands},
author={Rhodes, Lesley L and Smith, Kirsty F and Munday, Rex and Selwood, Andy I and McNabb, Paul S and Holland, Patrick T and Bottein, Marie-Yasmine},
journal={Toxicon},
volume={56},
number={5},
pages={751--758},
year={2010},
publisher={Elsevier}
}
@article{roeder2010characteristic,
title={Characteristic profiles of Ciguatera toxins in different strains of \emph{Gambierdiscus} spp.},
author={Roeder, Karin and Erler, Katrin and Kibler, Steven and Tester, Patricia and Van The, Ho and Nguyen-Ngoc, Lam and Gerdts, Gunnar and Luckas, Bernd},
journal={Toxicon},
volume={56},
number={5},
pages={731--738},
year={2010},
publisher={Elsevier}
}
@article{satake1993structure,
title={The structure of CTX3C, a ciguatoxin congener isolated from cultured \emph{Gambierdiscus toxicus}},
author={Satake, Masayuki and Murata, Michio and Yasumoto, Takeshi},
journal={Tetrahedron letters},
volume={34},
number={12},
pages={1975--1978},
year={1993},
publisher={Elsevier}
}
@article{satake1995structural,
title={Structural confirmation of maitotoxin based on complete 13C NMR assignments and the three-dimensional PFG NOESY-HMQC Spectrum},
author={Satake, Masayuki and Ishida, Shu and Yasumoto, Takeshi and Murata, Michio and Utsumi, Hiroshi and Hinomoto, Tetsu},
journal={Journal of the American Chemical Society},
volume={117},
number={26},
pages={7019--7020},
year={1995},
publisher={ACS Publications}
}
@article{satake1996isolation,
title={Isolation and Structure of Ciguatoxin-4A, a New Ciguatoxin Precursor, from Cultures of Dinoflagellate \emph{Gambierdiscus toxicus} and parrotfish \emph{Scarus gibbus}},
author={Satake, Masayuki and Ishibashi, Yoshihiko and Legrand, Anne-Marie and YASUMOTO, Takeshi},
year={1996}
}
@article{simon2009diversity,
title={Diversity and evolution of marine phytoplankton},
author={Simon, Nathalie and Cras, Anne-Lise and Foulon, Elodie and Lem{\'e}e, Rodolphe},
journal={Comptes rendus biologies},
volume={332},
number={2},
pages={159--170},
year={2009},
publisher={Elsevier}
}
@article{sims1987theoretical,
title={A theoretical discourse on the pharmacology of toxic marine ingestions},
author={Sims, Joel Kevin},
journal={Annals of emergency medicine},
volume={16},
number={9},
pages={1006--1015},
year={1987},
publisher={Elsevier}
}
@article{skinner2011ciguatera,
title={Ciguatera fish poisoning in the Pacific Islands (1998 to 2008)},
author={Skinner, Mark P and Brewer, Tom D and Johnstone, Ron and Fleming, Lora E and Lewis, Richard J},
journal={PLoS neglected tropical diseases},
volume={5},
number={12},
pages={e1416},
year={2011},
publisher={Public Library of Science}
}
@article{taylor2008dinoflagellate,
title={Dinoflagellate diversity and distribution},
author={Taylor, FJR and Hoppenrath, Mona and Saldarriaga, Juan F},
journal={Biodiversity and Conservation},
volume={17},
number={2},
pages={407--418},
year={2008},
publisher={Springer}
}
@article{ting2001ciguatera,
title={Ciguatera poisoning: a global issue with common management problems},
author={Ting, JYS and Brown, AFT},
journal={European Journal of Emergency Medicine},
volume={8},
number={4},
pages={295--300},
year={2001},
publisher={LWW}
}
@article{vernoux1997isolation,
title={Isolation and characterisation of Caribbean ciguatoxins from the horse-eye jack (\emph{Caranx latus})},
author={Vernoux, Jean-Paul and Lewis, Richard J},
journal={Toxicon},
volume={35},
number={6},
pages={889--900},
year={1997},
publisher={Elsevier}
}
@article{withers1984ciguatera,
title={Ciguatera research in the northwestern Hawaiian Islands: laboratory and field studies on ciguatoxigenic dinoflagellates in the Hawaiian Archipelago},
author={Withers, Nancy W},
journal={Proc. Res. Invest. NWHI},
pages={144},
year={1984}
}
@article{wong2005study,
title={Study of an outbreak of ciguatera fish poisoning in Hong Kong},
author={Wong, Chun-Kwan and Hung, Patricia and Lee, Kellie LH and Kam, Kai-Man},
journal={Toxicon},
volume={46},
number={5},
pages={563--571},
year={2005},
publisher={Elsevier}
}
@article{wong2008features,
title={Features of ciguatera fish poisoning cases in Hong Kong 2004-2007},
author={Wong, Chun-Kwan and Hung, Patricia and Lee, Kellie LH and Mok, Tina and Chung, Thomas and Kam, Kai-Man},
journal={Biomedical and Environmental Sciences},
volume={21},
number={6},
pages={521--527},
year={2008},
publisher={Elsevier}
}
@article{yokoyama1988some,
title={Some chemical properties of maitotoxin, a putative calcium channel agonist isolated from a marine dinoflagellate},
author={Yokoyama, Akihiro and Murata, Michio and Oshima, Yasukatsu and Iwashita, Takashi and Yasumoto, Takeshi},
journal={Journal of biochemistry},
volume={104},
number={2},
pages={184--187},
year={1988},
publisher={Jpn Biochemical Soc}
}
@article{zheng1996complete,
title={Complete relative stereochemistry of maitotoxin},
author={Zheng, Wanjun and DeMattei, John A and Wu, Jiang-Ping and Duan, James J-W and Cook, Laura R and Oinuma, Hitoshi and Kishi, Yoshito},
journal={Journal of the American Chemical Society},
volume={118},
number={34},
pages={7946--7968},
year={1996},
publisher={ACS Publications}
}
@article{watanabe2013gambieroxide,
title={Gambieroxide, a novel epoxy polyether compound from the dinoflagellate \emph{Gambierdiscus toxicus} GTP2 strain},
author={Watanabe, Ryuichi and Uchida, Hajime and Suzuki, Toshiyuki and Matsushima, Ryoji and Nagae, Mika and Toyohara, Yoshikazu and Satake, Masayuki and Oshima, Yasukatsu and Inoue, Akio and Yasumoto, Takeshi},
journal={Tetrahedron},
volume={69},
number={48},
pages={10299--10303},
year={2013},
publisher={Elsevier}
}
@article{tester2013gambierdiscus,
title={\emph{Gambierdiscus}({D{inophyceae) species diversity in the {F}lower {G}arden {B}anks {N}ational {M}arine {S}anctuary, {N}orthern {G}ulf of {M}exico, {USA}},
author={Tester, Patricia A and Vandersea, Mark W and Buckel, Christine A and Kibler, Steven R and Holland, William C and Davenport, Erik D and Clark, Randall D and Edwards, Kimberly F and Taylor, J Christopher and Pluym, Jennifer L Vander and others},
journal={Harmful Algae},
volume={29},
pages={1--9},
year={2013},
publisher={Elsevier}
}
@article{xu2014distribution,
title={Distribution, abundance and diversity of \emph{Gambierdiscus} spp. from a ciguatera-endemic area in {M}arakei, {R}epublic of {K}iribati},
author={Xu, Yixiao and Richlen, Mindy L and Morton, Steve L and Mak, Yim Ling and Chan, Leo Lai and Tekiau, Aranteiti and Anderson, Donald M},
journal={Harmful Algae},
volume={34},
pages={56--68},
year={2014},
publisher={Elsevier}
}
@article{mak2013pacific,
title={Pacific Ciguatoxins in Food Web Components of Coral Reef Systems in the {R}epublic of {K}iribati},
author={Mak, Yim Ling and Wai, Tak-Cheung and Murphy, Margaret B and Chan, Wing Hei and Wu, Jia Jun and Lam, James CW and Chan, Leo L and Lam, Paul KS},
journal={Environmental science \& technology},
volume={47},
number={24},
pages={14070--14079},
year={2013},
publisher={ACS Publications}
}
@article{yoshimatsu2014effects,
title={Effects of temperature, salinity and their interaction on growth of Japanese \emph{Gambierdiscus} spp.({D}inophyceae)},
author={Yoshimatsu, Takamichi and Yamaguchi, Haruo and Iwamoto, Haruka and Nishimura, Tomohiro and Adachi, Masao},
journal={Harmful Algae},
volume={35},
pages={29--37},
year={2014},
publisher={Elsevier}
}
@article{nishimura2014morphology,
title={Morphology of \emph{Gambierdiscus scabrosus} sp. nov.({G}onyaulacales): a new epiphytic toxic dinoflagellate from coastal areas of {J}apan},
author={Nishimura, Tomohiro and Sato, Shinya and Tawong, Wittaya and Sakanari, Hiroshi and Yamaguchi, Haruo and Adachi, Masao},
journal={Journal of {P}hycology},
year={2014},
publisher={Wiley Online Library}
}
@article{rhodes2014gambierdiscus,
title={\emph{Gambierdiscus cf. yasumotoi} ({D}inophyceae) isolated from {N}ew {Z}ealand's sub-tropical northern coastal waters},
author={Rhodes, L and Gim{\'e}nez Papiol, G and Smith, K and Harwood, T},
journal={New Zealand Journal of Marine and Freshwater Research},
number={ahead-of-print},
pages={1--8},
year={2014},
publisher={Taylor \& Francis}
}
@article{roue2013giant,
title={Giant clams: New vectors of ciguatera\?},
author={Rou{\'e}, M{\'e}lanie and Cruchet, P and Ung, A and Darius, T and Chinain, M and Laurent, Dominique},
journal={Toxicon},
volume={75},
number={SI},
pages={206--206},
year={2013},
publisher={Pergamon}
}
@article{gingold2014ciguatera,
title={Ciguatera fish poisoning and climate change: analysis of National Poison Center data in the United States, 2001--2011},
author={Gingold, Daniel B and Strickland, Matthew J and Hess, Jeremy J},
journal={Environ Health Perspect},
volume={122},
number={6},
pages={580--586},
year={2014}
}
@article{radke2013ciguatera,
title={Ciguatera incidence in the US Virgin Islands has not increased over a 30-year time period despite rising seawater temperatures},
author={Radke, Elizabeth G and Grattan, Lynn M and Cook, Robert L and Smith, Tyler B and Anderson, Donald M and Morris, J Glenn},
journal={The American journal of tropical medicine and hygiene},
pages={12--0676},
year={2013},
publisher={ASTMH}
}
@article{robertson2013invasive,
title={Invasive lionfish (\emph{Pterois volitans}): a potential human health threat for ciguatera fish poisoning in tropical waters},
author={Robertson, Alison and Garcia, Ana C and Quintana, Harold A Flores and Smith, Tyler B and II, Bernard F Castillo and Reale-Munroe, Kynoch and Gulli, Joseph A and Olsen, David A and Hooe-Rollman, Jennifer I and Jester, Edward LE and others},
journal={Marine drugs},
volume={12},
number={1},
pages={88--97},
year={2013},
publisher={Multidisciplinary Digital Publishing Institute}
}
@article{kohli2014feeding,
title={A feeding study to probe the uptake of Maitotoxin by snapper (\emph{Pagrus auratus})},
author={Kohli, Gurjeet S and Papiol, G Gim{\'e}nez and Rhodes, Lesley L and Harwood, D Tim and Selwood, Andrew and Jerrett, Alistair and Murray, Shauna A and Neilan, Brett A},
journal={Harmful Algae},
volume={37},
pages={125--132},
year={2014},
publisher={Elsevier}
}
@article{skinner2013ecology,
title={Ecology of the ciguatera causing dinoflagellates from the Northern Great Barrier Reef: Changes in community distribution and coastal eutrophication},
author={Skinner, Mark P and Lewis, Richard J and Morton, Steve},
journal={Marine pollution bulletin},
volume={77},
number={1},
pages={210--219},
year={2013},
publisher={Elsevier}
}
@article{ledreux2013bioavailability,
title={Bioavailability and intravenous toxicokinetic parameters for Pacific ciguatoxin P-CTX-1 in rats},
author={Ledreux, Aur{\'e}lie and Ramsdell, John S},
journal={Toxicon},
volume={64},
pages={81--86},
year={2013},
publisher={Elsevier}
}
@article{yogi2014determination,
title={Determination of Toxins Involved in Ciguatera Fish Poisoning in the Pacific by LC/MS},
author={Yogi, Kentaro and Sakugawa, Satsuki and Oshiro, Naomasa and Ikehara, Tsuyoshi and Sugiyama, Kiminori and Yasumoto, Takeshi},
journal={Journal of AOAC International},
volume={97},
number={2},
pages={398--402},
year={2014},
publisher={AOAC International}
}
@article{bailey2014ciguatera,
title={Ciguatera poisoning in the Cook Islands},
author={Bailey, Stephanie and Withers, Tristan},
journal={BMJ case reports},
volume={2014},
pages={bcr2014204847},
year={2014},
publisher={BMJ Publishing Group Ltd}
}
@article{saburova2013new,
title={New records of the genus \emph{Gambierdiscus} in marginal seas of the Indian Ocean},
author={Saburova, Maria and Polikarpov, Igor and Al-Yamani, Faiza},
journal={Marine Biodiversity Records},
volume={6},
pages={e91},
year={2013},
publisher={Cambridge Univ Press}
}
@article{mccall2014development,
title={Development and Utilization of a Fluorescence-Based Receptor-Binding Assay for the Site 5 Voltage-Sensitive Sodium Channel Ligands Brevetoxin and Ciguatoxin},
author={McCall, Jennifer R and Jacocks, Henry M and Niven, Susan C and Poli, Mark A and Baden, Daniel G and Bourdelais, Andrea J},
journal={Journal of AOAC International},
volume={97},
number={2},
pages={307--315},
year={2014},
publisher={AOAC International}
}
@article{strachan1999differential,
title={Differential actions of pacific ciguatoxin-1 on sodium channel subtypes in mammalian sensory neurons},
author={Strachan, Liesl C and Lewis, Richard J and Nicholson, Graham M},
journal={Journal of Pharmacology and Experimental Therapeutics},
volume={288},
number={1},
pages={379--388},
year={1999},
publisher={ASPET}
}
@article{zimmermann2013analgesic,
title={Analgesic treatment of ciguatoxin-induced cold allodynia},
author={Zimmermann, Katharina and Deuis, Jennifer R and Inserra, Marco C and Collins, Lindon S and Namer, Barbara and Cabot, Peter J and Reeh, Peter W and Lewis, Richard J and Vetter, Irina},
journal={Pain},
volume={154},
number={10},
pages={1999--2006},
year={2013},
publisher={Elsevier}
}
@article{grandjean2008centers,
title={Centers for Oceans and Human Health: a unified approach to the challenge of harmful algal blooms},
author={Grandjean, Philippe and Ozonoff, David},
journal={Environmental Health},
volume={7},
number={2},
pages={S1},
year={2008}
}
@article{molgo2000ciguatera,
title={Ciguatera toxins: Pharmacology of toxins involved in ciguatera and related fish poisonings},
author={Molgo, Jordi and Adams, David J},
journal={Seafood and freshwater toxins: pharmacology, physiology, and detection},
pages={419},
year={2000},
publisher={CRC Press}
}
@article{lewis2006ciguatera,
title={Ciguatera: {A}ustralian perspectives on a global problem},
author={Lewis, Richard J},
journal={Toxicon},
volume={48},
number={7},
pages={799--809},
year={2006},
publisher={Elsevier}
}
@article{tester2010ciguatera,
title={Ciguatera fish poisoning and sea surface temperatures in the Caribbean Sea and the West Indies},
author={Tester, Patricia A and Feldman, Rebecca L and Nau, Amy W and Kibler, Steven R and Wayne Litaker, R},
journal={Toxicon},
volume={56},
number={5},
pages={698--710},
year={2010},
publisher={Elsevier}
}
@article{otero2010first,
title={First toxin profile of ciguateric fish in Madeira Arquipelago (Europe)},
author={Otero, Paz and Pérez, Sheila and Alfonso, Amparo and Vale, Carmen and Rodríguez, Paula and Gouveia, Neide N and Gouveia, Nuno and Delgado, João and Vale, Paulo and Hirama, Masahiro and others},
journal={Analytical chemistry},
volume={82},
number={14},
pages={6032--6039},
year={2010},
publisher={ACS Publications}
}
@article{wang2008neurotoxins,
title={Neurotoxins from marine dinoflagellates: a brief review},
author={Wang, Da-Zhi},
journal={Marine Drugs},
volume={6},
number={2},
pages={349--371},
year={2008},
publisher={Molecular Diversity Preservation International}
}
@article{gillespie1987possible,
title={Possible origins of ciguatera},
author={Gillespie, N},
journal={Toxic Plants and Animals, a Guide for Australia. Queensland Museum, Brisbane},
pages={171--9},
year={1987}
}
@article{yasumoto1977finding,
title={Finding of a dinoflagellate as a likely culprit of ciguatera},
author={Yasumoto, Takeshi and Nakajima, I and Bagnis, R and Adachi, R},
journal={Bulletin of the Japanese Society of Scientific Fisheries (Japan)},
year={1977}
}
@article{praseno1996hab,
title={HAB organisms in Indonesian waters},
author={Praseno, DP and Wiadnyana, NN},
journal={CANADIAN TECHNICAL REPORT OF FISHERIES AND AQUATIC SCIENCES},
pages={69--75},
year={1996},
publisher={MICROMEDIA LTD-TECHNICAL INFORMATION CENTER}
}
@inproceedings{hurbungs2002seasonal,
title={Seasonal distribution of potentially toxic benthic dinoflagellates in the lagoon of Trou aux Biches, Mauritius},
author={Hurbungs, MD and Jayabalan, N and Chineah, V},
booktitle={Fifth Annual Meeting of Agricultural Scientists},
pages={211},
year={2002},
organization={Citeseer}
}
@phdthesis{ceballos2006analisis,
title={An{\'a}lisis de los dinoflagelados potencialmente nocivos en el fitoplancton de la zona ner{\'\i}tica de la costa michoacana (enero-mayo, 2004)},
author={Ceballos-Corona, JGA},
year={2006},
school={Tesis de Maestr{\'\i}a, Universidad Michoacana de San Nicol{\'a}s Hidalgo, Morelia, 165p}
}
@article{hernandez2004species,
title={[Species of dinoflagellates of the genus \emph{Gambierdiscus} ({D}inophyceae) in the Mexican Caribbean Sea]},
author={Hern{\'a}ndez-Becerril, DU and Almaz{\'a}n, Becerril A},
journal={Revista de biologia tropical},
volume={52},
pages={77--87},
year={2004}
}
@article{habermehl1994severe,
title={Severe ciguatera poisoning in Madagascar: a case report},
author={Habermehl, Gerhard G and Krebs, Hans C and Rasoanaivo, Philippe and Ramialiharisoa, Angeline},
journal={Toxicon},
volume={32},
number={12},
pages={1539--1542},
year={1994},
publisher={Elsevier}
}
@article{silva1956contribution,
title={Contribution a l'{\'e}tude du microplancton de Dakar et des r{\'e}gions maritimes voisines},
author={de Silva, E.},
journal={Bull. Inst. Fr. Afr. noire, S{\'e}r. A},
volume={18},
number={2},
pages={335--371},
year={1956}
}
@article{taylor1979description,
title={Description of the benthic dinoflagellate associated with maitotoxin and ciguatoxin, including observations on Hawaiian material},
author={Taylor, FJR},
journal={Developments in marine biology},
year={1979}
}
@inproceedings{aligizaki2010diversity,
title={Diversity of potentially toxic benthic dinoflagellates in southern Europe},
author={Aligizaki, K and Battocchi, C and Penna, A and Rodr{\'\i}guez Hern{\'a}ndez, F and Arsenakis, M and Fraga, S},
booktitle={14th International Conference on Harmful Algae. Crete},
pages={1--5},
year={2010}
}
@article{delgado2006epiphytic,
title={Epiphytic dinoflagellates associated with ciguatera in the northwestern coast of Cuba},
author={Delgado, Gilma and Lechuga-Dev{\'e}ze, Carlos H and Popowski, Genoveva and Troccoli, Luis and Salinas, Cesar A},
journal={Revista de biolog{\'\i}a tropical},
volume={54},
number={2},
pages={299--310},
year={2006},
publisher={Universidad de Costa Rica}
}
@article{litaker2009taxonomy,
title={Taxonomy of \emph{Gambierdiscus} including four new species, \emph{Gambierdiscus caribaeus}, \emph{Gambierdiscus carolinianus}, \emph{Gambierdiscus carpenteri} and \emph{Gambierdiscus ruetzleri} ({G}onyaulacales, {D}inophyceae)},
author={Litaker, R Wayne and Vandersea, Mark W and Faust, Maria A and Kibler, Steven R and Chinain, Mireille and Holmes, Michael J and Holland, William C and Tester, Patricia A},
journal={Phycologia},
volume={48},
number={5},
year={2009}
}
@article{nakajima1981toxicity,
title={Toxicity of benthic dinoflagellates in Okinawa [Japan]},
author={Nakajima, I and Oshima, Yasukatsu and Yasumoto, Takeshi},
journal={Bulletin of the Japanese Society of Scientific Fisheries (Japan)},
year={1981}
}
@article{lewis1992action,
title={Action of ciguatoxin on human atrial trabeculae},
author={Lewis, Richard J and Wong Hoy, Ashley W and McGiffin, David C},
journal={Toxicon},
volume={30},
number={8},
pages={907--914},
year={1992},
publisher={Elsevier}
}
@article{lewis1991purification,
title={Purification and characterization of ciguatoxins from moray eel (\emph{Lycodontis javanicus}, Muraenidae)},
author={Lewis, Richard J and Sellin, Michelle and Poli, Mark A and Norton, Raymond S and MacLeod, John K and Sheil, Margaret M},
journal={Toxicon},
volume={29},
number={9},
pages={1115--1127},
year={1991},
publisher={Elsevier}
}
@article{yasumoto2000structural,
title={Structural elucidation of ciguatoxin congeners by fast-atom bombardment tandem mass spectroscopy},
author={Yasumoto, Takeshi and Igarashi, Tomoji and Legrand, Anne-Marie and Cruchet, Philippe and Chinain, Mireille and Fujita, Tsuyoshi and Naoki, Hideo},
journal={Journal of the American Chemical Society},
volume={122},
number={20},
pages={4988--4989},
year={2000},
publisher={ACS Publications}
}
@article{satake1998isolation,
title={Isolation and structures of new ciguatoxin analogs, 2, 3-dihydroxyCTX3C and 51-hydroxyCTX3C, accumulated in tropical reef fish},
author={Satake, Masayuki and Fukui, Masakazu and Legrand, Anne-Marie and Cruchet, Philippe and Yasumoto, Takeshi},
journal={Tetrahedron letters},
volume={39},
number={10},
pages={1197--1198},
year={1998},
publisher={Elsevier}
}
@article{lewis1998structure,
title={Structure of Caribbean ciguatoxin isolated from \emph{Caranx latus}},
author={Lewis, Richard J and Vernoux, Jean-Paul and Brereton, Ian M},
journal={Journal of the American Chemical Society},
volume={120},
number={24},
pages={5914--5920},
year={1998},
publisher={ACS Publications}
}
@article{pottier2002characterisation,
title={Characterisation of multiple Caribbean ciguatoxins and congeners in individual specimens of horse-eye jack (\emph{Caranx latus}) by high-performance liquid chromatography/mass spectrometry},
author={Pottier, Ivannah and Vernoux, Jean-Paul and Jones, Alun and Lewis, Richard J},
journal={Toxicon},
volume={40},
number={7},
pages={929--939},
year={2002},
publisher={Elsevier}
}
@article{yasumoto1976toxicity,
title={Toxicity of the surgeon-fishes, 2: Properties of the principal water-soluble toxin.},
author={Yasumoto, Takeshi and Bagnis, Raymond and Vernoux, Jean P},
journal={Bulletin of the Japanese Society of Scientific Fisheries},
year={1976}
}
@article{van2000diversity,
title={Diversity of marine and freshwater algal toxins},
author={Van Dolah, Frances M},
journal={FOOD SCIENCE AND TECHNOLOGY-NEW YORK-MARCEL DEKKER-},
pages={19--44},
year={2000},
publisher={MARCEL DEKKER AG}
}
@article{lu2013caribbean,
title={Caribbean maitotoxin elevates {[Ca2+]} i and activates non-selective cation channels in {HIT-T15} cells},
author={Lu, Xin-Zhong and Deckey, Robert and Jiao, Guo-Liang and Ren, Hui-Feng and Li, Ming},
journal={World journal of diabetes},
volume={4},
number={3},
pages={70},
year={2013},
publisher={Baishideng Publishing Group Co., Ltd.}
}
@article{murata1991effect,
title={Effect of maitotoxin analogues on calcium influx and phosphoinositide breakdown in cultured cells},
author={Murata, M and Gusovsky, F and Sasaki, M and Yokoyama, A and Yasumoto, T and Daly, JW},
journal={Toxicon},
volume={29},
number={9},
pages={1085--1096},
year={1991},
publisher={Elsevier}
}
@inproceedings{gillespie1985significance,
title={The significance of the absence of ciguatoxin in a wild population of a \emph{Gambierdiscus toxicus}},
author={Gillespie, N and Lewis, R and Burke, J and Holmes, M},
booktitle={Proceedings of the Fifth International Coral Reef Congress, Tahiti 27 May- 1 June 1985,},
volume={4},
pages={437--442},
year={1985}
}
@article{gudger1930poisonous,
title={Poisonous Fishes and Fish Poisonings, with Special Reference to Ciguatera in the West Indies.},
author={Gudger, EW and others},
journal={American Journal of Tropical Medicine},
volume={10},
number={1},
pages={43--55},
year={1930}
}
@book{laurent2005ciguatera,
title={Ciguatera: Field Reference Guide. Un Guide Pratique},
author={Laurent, Dominique},
year={2005},
publisher={IRD Editions}
}
@article{randall1958review,
title={A review of ciguatera, tropical fish poisoning, with a tentative explanation of its cause},
author={Randall, John E},
journal={Bulletin of Marine Science},
volume={8},
number={3},
pages={236--267},
year={1958},
publisher={University of Miami-Rosenstiel School of Marine and Atmospheric Science}
}
@article{bagnis1987use,
title={The use of the mosquito bioassay for determining the toxicity to man of ciguateric fish},
author={Bagnis, R and Barsinas, M and Prieur, C and Pompon, A and Chungue, E and Legrand, AM},
journal={The Biological Bulletin},
volume={172},
number={1},
pages={137--143},
year={1987},
publisher={MBL}
}
@article{granade1976ciguatera,
title={Ciguatera I: Brine shrimp (\emph{Artemia salina} L.) larval assay for ciguatera toxins},
author={Granade, H and Cheng, Ping C and Doorenbos, Norman J},
journal={Journal of pharmaceutical sciences},
volume={65},
number={9},
pages={1414--1415},
year={1976},
publisher={Wiley Online Library}
}
@article{karalis2000three,
title={Three clusters of ciguatera poisoning: clinical manifestations and public health implications.},
author={Karalis, Tass and Gupta, Leena and Chu, Matthew and Campbell, Brett A and Capra, Michael F and Maywood, Patrick A},
journal={The Medical journal of Australia},
volume={172},
number={4},
pages={160--162},
year={2000}
}
@article{hung2005persistent,
title={Persistent bradycardia caused by ciguatoxin poisoning after barracuda fish eggs ingestion in southern Taiwan},
author={Hung, Yao-Min and Hung, Shih-Yuan and Chou, Kang-Ju and Huang, Neng-Chyan and Tung, Chung-Ni and Hwang, Deng-Fwu and Chung, Hsiao-Min},
journal={The American journal of tropical medicine and hygiene},
volume={73},
number={6},
pages={1026--1027},
year={2005},
publisher={ASTMH}
}
@article{lange1992travel,
title={Travel and ciguatera fish poisoning},
author={Lange, W Robert and Snyder, Frederick R and Fudala, Paul J},
journal={Archives of internal medicine},
volume={152},
number={10},
pages={2049--2053},
year={1992},
publisher={American Medical Association}
}
@article{lee2014toxicity,
title={Toxicity of the dinoflagellate \emph{Gambierdiscus} sp. toward the marine copepod \emph{Tigriopus japonicus}},
author={Lee, Kyun-Woo and Kang, Jung-Hoon and Baek, Seung Ho and Choi, Young-Ung and Lee, Dae-Won and Park, Heung-Sik},
journal={Harmful Algae},
volume={37},
pages={62--67},
year={2014},
publisher={Elsevier}
}
@article{raisuddin2007copepod,
title={The copepod \emph{Tigriopus}: A promising marine model organism for ecotoxicology and environmental genomics},
author={Raisuddin, Sheikh and Kwok, Kevin WH and Leung, Kenneth MY and Schlenk, Daniel and Lee, Jae-Seong},
journal={Aquatic Toxicology},
volume={83},
number={3},
pages={161--173},
year={2007},
publisher={Elsevier}
}
@article{lewis1994immunological,
title={Immunological, biochemical and chemical features of ciguatoxins - implications for the detection of ciguateric fish},
author={Lewis, RJ},
journal={Memoirs of the Queensland Museum. Brisbane},
volume={34},
number={3},
pages={541--548},
year={1994}
}
@article{hokama1996human,
title={Human intoxications from Hawaiian reef fishes associated with diverse marine toxins},
author={Hokama, Y and Ebesu, JSM and Nishimura, K and Oishi, S and Mizuo, B and Stiles, M and Sakamoto, B and Takenaka, W and Nagai, H},
journal={Journal of Natural Toxins},
volume={5},
number={2},
pages={235--247},
year={1996}
}
@article{hokama1990simplified,
title={Simplified solid-phase immunobead assay for detection of ciguatoxin and related polyethers},
author={Hokama, Yoshitsugi},
journal={Journal of clinical laboratory analysis},
volume={4},
number={3},
pages={213--217},
year={1990},
publisher={Wiley Online Library}
}
@article{leaw2011first,
title={First report of the benthic dinoflagellate, \emph{Gambierdiscus belizeanus} ({G}onyaulacales: {D}inophyceae) for the east coast of Sabah, Malaysian Borneo},
author={Leaw, Chui-Pin and Lim, Po-Teen and Tan, Toh-Hii and Tuan-Halim, Tuan Nurhariani and Cheng, Kok-Wah and Ng, Boon-Koon and Usup, Gires},
journal={Phycological research},
volume={59},
number={3},
pages={143--146},
year={2011},
publisher={Wiley Online Library}
}
@article{caillaud2012towards,
title={Towards the standardisation of the neuroblastoma (neuro-2a) cell-based assay for ciguatoxin-like toxicity detection in fish: application to fish caught in the Canary Islands},
author={Caillaud, A and Eixarch, H and de la Iglesia, P and Rodriguez, M and Dominguez, L and Andree, KB and Diogene, J},
journal={Food Additives \& Contaminants: Part A},
volume={29},
number={6},
pages={1000--1010},
year={2012},
publisher={Taylor \& Francis}
}
@article{vernoux1986heterogeneity,
title={[Heterogeneity of ciguatoxins extracted from fish caught in the French Antilles]},
author={Vernoux, JP and Abbad, el Andaloussi S},
journal={Biochimie},
volume={68},
number={2},
pages={287--291},
year={1986}
}
@article{boada2010ciguatera,
title={Ciguatera fish poisoning on the West Africa Coast: an emerging risk in the Canary Islands (Spain)},
author={Boada, Luis D and Zumbado, Manuel and Luzardo, Octavio P and Almeida-Gonz{\'a}lez, Maira and Plakas, Steven M and Granade, Hudson R and Abraham, Ann and Jester, Edward LE and Dickey, Robert W},
journal={Toxicon},
volume={56},
number={8},
pages={1516--1519},
year={2010},
publisher={Elsevier}
}
@article{withers1982ciguatera,
title={Ciguatera fish poisoning},
author={Withers, Nancy W},
journal={Annual review of medicine},
volume={33},
number={1},
pages={97--111},
year={1982},
publisher={Annual Reviews 4139 El Camino Way, PO Box 10139, Palo Alto, CA 94303-0139, USA}
}
@inproceedings{legrand1997two,
title={Two structural types of ciguatoxins involved on ciguatera fish poisoning in French Polynesia},
author={Legrand, AM and Teai, T and Crochet, P and Satake, M and Murata, K and Yasumoto, T},
booktitle={VIII International conference on Harmful algae- Abstracts and Posters Classification. vp. 1997.},
year={1997}
}
@article{dickey2008ciguatera,
title={Ciguatera toxins: chemistry, toxicology, and detection},
author={Dickey, RW},
journal={FOOD SCIENCE AND TECHNOLOGY-NEW YORK-MARCEL DEKKER-},
volume={173},
pages={479},
year={2008},
publisher={MARCEL DEKKER AG}
}
@article{dechraoui1999ciguatoxins,
title={Ciguatoxins and brevetoxins, neurotoxic polyether compounds active on sodium channels},
author={Dechraoui, Marie-Yasmine and Naar, J{\'e}r{\^o}me and Pauillac, Serge and Legrand, Anne-Marie},
journal={Toxicon},
volume={37},
number={1},
pages={125--143},
year={1999},
publisher={Elsevier}
}
@article{emerson1983preliminary,
title={Preliminary immunologic studies of ciguatera poisoning},
author={Emerson, David L and Galbraith, Robert M and McMillan, Joseph P and Higerd, Thomas B},
journal={Archives of internal medicine},
volume={143},
number={10},
pages={1931--1933},
year={1983},
publisher={American Medical Association}
}
@article{llewellyn2010revisiting,
title={Revisiting the association between sea surface temperature and the epidemiology of fish poisoning in the South Pacific: Reassessing the link between ciguatera and climate change},
author={Llewellyn, Lyndon E},
journal={Toxicon},
volume={56},
number={5},
pages={691--697},
year={2010},
publisher={Elsevier}
}
@article{tubaro2010yessotoxins,
title={Yessotoxins: A toxicological overview},
author={Tubaro, A and Dell'Ovo, V and Sosa, S and Florio, C},
journal={Toxicon},
volume={56},
number={2},
pages={163--172},
year={2010},
publisher={Elsevier}
}
@phdthesis{holland2012hemolytic,
title={Hemolytic Activity of Six Caribbean \emph{Gambierdiscus} species},
author={Holland, William Christopher},
year={2012},
school={University of North Carolina Wilmington}
}
@article{igarashi1999mechanisms,
title={Mechanisms underlying the hemolytic and ichthyotoxic activities of maitotoxin},
author={Igarashi, Tomoji and Aritake, Shiro and Yasumoto, Takeshi},
journal={Natural toxins},
volume={7},
number={2},
pages={71--79},
year={1999},
publisher={Wiley Online Library}
}
@article{rhodes2014production,
title={Production of ciguatoxin and maitotoxin by strains of \emph{Gambierdiscus australes}, \emph{G. pacificus} and \emph{G. polynesiensis} ({D}inophyceae) isolated from {R}arotonga, {C}ook {I}slands},
author={Rhodes, Lesley and Harwood, Tim and Smith, Kirsty and Argyle, Phoebe and Munday, Rex},
journal={Harmful Algae},
volume={39},
pages={185--190},
year={2014},
publisher={Elsevier}
}
@article{pawlowiez2013evaluation,
title={Evaluation of seafood toxicity in the Australes archipelago (French Polynesia) using the neuroblastoma cell-based assay},
author={Pawlowiez, Ralph and Darius, H{\'e}l{\`e}ne Taiana and Cruchet, Philippe and Rossi, Fanny and Caillaud, Amandine and Laurent, Dominique and Chinain, Mireille},
journal={Food Additives \& Contaminants: Part A},
volume={30},
number={3},
pages={567--586},
year={2013},
publisher={Taylor \& Francis}
}
@phdthesis{kohli2013Gambierdiscus,
title={Diversity and genetics of Australasian dinoflagellates, including \emph{Gambierdiscus} spp. the causative agent for Ciguatera Fish Poisoning},
author={Kohli, Gurjeet Singh},
year={2013},
school={School of Biotechnology and Biomolecular Sciences, University of New South Wales, Australia}
}
@article{richlen2008phylogeography,
title={Phylogeography, morphological variation and taxonomy of the toxic dinoflagellate \emph{Gambierdiscus toxicus} ({D}inophyceae)},
author={Richlen, Mindy L and Morton, Steve L and Barber, Paul H and Lobel, Phillip S},
journal={Harmful Algae},
volume={7},
number={5},
pages={614--629},
year={2008},
publisher={Elsevier}
}
@article{murray2014molecular,
title={Molecular phylogenetics and morphology of \emph{Gambierdiscus yasumotoi} from tropical eastern {A}ustralia},
author={Murray, Shauna and Momigliano, Paolo and Heimann, Kirsten and Blair, David},
journal={Harmful Algae},
volume={39},
pages={242--252},
year={2014},
publisher={Elsevier}
}
@article{ledreux2014dynamics,
title={Dynamics of ciguatoxins from \emph{Gambierdiscus polynesiensis} in the benthic herbivore \emph{Mugil cephalus}: Trophic transfer implications},
author={Ledreux, Aur{\'e}lie and Brand, Heather and Chinain, Mireille and Bottein, Marie-Yasmine Dechraoui and Ramsdell, John S},
journal={Harmful Algae},
volume={39},
pages={165--174},
year={2014},
publisher={Elsevier}
}
@article{diogened2014chemistry,
title={The Chemistry of Ciguatoxins: From the First Records to Current Challenges of Monitoring Programs},
author={Diog{\`e}ned, Jorge},
journal={Toxins and Biologically Active Compounds from Microalgae},
volume={1},
pages={176},
year={2014},
publisher={CRC Press}
}
@article{villareal2007petroleum,
title={Petroleum production platforms as sites for the expansion of ciguatera in the northwestern Gulf of Mexico},
author={Villareal, TA and Hanson, S and Qualia, Steve and Jester, ELE and Granade, HR and Dickey, RW},
journal={Harmful Algae},
volume={6},
number={2},
pages={253--259},
year={2007},
publisher={Elsevier}
}
@article{kohli2014high,
title={High abundance of the potentially maitotoxic dinoflagellate \emph{Gambierdiscus carpenteri} in temperate waters of {N}ew {S}outh {W}ales, {A}ustralia},
author={Kohli, Gurjeet S and Murray, Shauna A and Neilan, Brett A and Rhodes, Lesley L and Harwood, D Tim and Smith, Kirsty F and Meyer, Lauren and Capper, Angela and Brett, Steve and Hallegraeff, Gustaaf M},
journal={Harmful Algae},
volume={39},
pages={134--145},
year={2014},
publisher={Elsevier}
}
@article{bomber1988epiphytic,
title={Epiphytic dinoflagellates of drift algae — another toxigenic community in the ciguatera food chain},
author={Bomber, Jeffrey W and Morton, Steve L and Babinchak, John A and Norris, Dean R and Morton, John G},
journal={Bulletin of marine science},
volume={43},
number={2},
pages={204--214},
year={1988},
publisher={University of Miami-Rosenstiel School of Marine and Atmospheric Science}
}
@article{bomber1989epiphytism,
title={Epiphytism of dinoflagellates associated with the disease ciguatera: substrate specificity and nutrition},
author={Bomber, Jeffrey W and Rubio, Matthew G and Norris, Dean R},
journal={Phycologia},
volume={28},
number={3},
pages={360--368},
year={1989},
publisher={The International Phycological Society Phycologia Business Office, Allen Press, 810 East 10th Street, PO Box 1897, Lawrence, KS 66044-8897}
}
@article{bomber1989genitic,
title={Genetic variability in toxin potencies among seventeen clones of \emph{Gambierdiscus toxicus} ({D}inophyceae)},
author={Bomber, Jeffrey W and Tindall, Donald R and Miller, Donald M},
journal={Journal of {P}hycology},
volume={25},
number={4},
pages={617--625},
year={1989},
publisher={Wiley Online Library}
}
@article{morton1993response,
title={Response of \emph{Gambierdiscus toxicus} to light: Cell physiology and toxicity.},
author={Morton, SL and Bomber, JW and Tindall, DR and Aikman, KE},
journal={DEV. MAR. BIOL. 1993.},
year={1993}
}
@article{hoppenrath2013taxonomy,
title={Taxonomy and phylogeny of the benthic \emph{Prorocentrum} species ({D}inophyceae) — A proposal and review},
author={Hoppenrath, Mona and Chom{\'e}rat, Nicolas and Horiguchi, Takeo and Schweikert, Michael and Nagahama, Yukio and Murray, Shauna},
journal={Harmful Algae},
volume={27},
pages={1--28},
year={2013},
publisher={Elsevier}
}
@article{gomez2012quantitative,
title={A quantitative review of the lifestyle, habitat and trophic diversity of dinoflagellates (Dinoflagellata, Alveolata)},
author={G{\'o}mez, Fernando},
journal={Systematics and Biodiversity},
volume={10},
number={3},
pages={267--275},
year={2012},
publisher={Taylor \& Francis}
}
@article{lepage2007gambierol,
title={Gambierol acts as a functional antagonist of neurotoxin site 5 on voltage-gated sodium channels in cerebellar granule neurons},
author={LePage, Keith Thomas and Rainier, Jon D and Johnson, HWB and Baden, DG and Murray, Thomas F},
journal={Journal of Pharmacology and Experimental Therapeutics},
volume={323},
number={1},
pages={174--179},
year={2007},
publisher={ASPET}
}
@article{furuta2009total,
title={Total synthesis of gambierol},
author={Furuta, Hiroki and Hasegawa, Yuki and Mori, Yuji},
journal={Organic letters},
volume={11},
number={19},
pages={4382--4385},
year={2009},
publisher={ACS Publications}
}
@article{banner1966retention,
title={Retention of ciguatera toxin by the red snapper, \emph{Lutjanus bohar}},
author={Banner, Albert H and Helfrich, Philip and Piyakarnchana, Twesukdi},
journal={Copeia},
pages={297--301},
year={1966},
publisher={JSTOR}
}
@article{ebesu2012comment,
title={Comment on “Quantitative Evaluation of Commercially Available Test Kit for Ciguatera in Fish”},
author={Ebesu, J. and Campora, C.},
journal={Food and Nutrition Sciences},
volume={2012},
year={2012},
publisher={Scientific Research Publishing}
}
@article{de1994distribution,
title={Distribution and ecology of ciguatera fish poisoning in Florida, with emphasis on the Florida Keys},
author={de Sylva, Donald P},
journal={Bulletin of Marine Science},
volume={54},
number={3},
pages={944--954},
year={1994},
publisher={University of Miami-Rosenstiel School of Marine and Atmospheric Science}
}
@Book{marine2014,
editor={Ed. Mona Hoppenrath; Shauna A. Murray; Nicolas ChomÃ©rat; Takeo Horiguchi},
title={Marine benthic dinoflagellates - unveiling their worldwide biodiversity},
publisher={Schweizerbart'sche Verlagsbuchhandlung},
address={Stuttgart},
month={07},
year={2014},
isbn={ISBN 978-3-510-61402-8}
}
@article{zlotnick1995ciguatera,
title={Ciguatera poisoning after ingestion of imported jellyfish: diagnostic application of serum immunoassay},
author={Zlotnick, Bradley A and Hintz, Susan and Park, Douglas L and Auerbach, Paul S},
journal={Wilderness \& environmental medicine},
volume={6},
number={3},
pages={288--294},
year={1995},
publisher={Elsevier}
}
@article{chan2011spatial,
title={Spatial distribution of ciguateric fish in the Republic of Kiribati},
author={Chan, Wing Hei and Mak, Yim Ling and Wu, Jia Jun and Jin, Ling and Sit, Wai Hung and Lam, James Chung Wah and Sadovy de Mitcheson, Yvonne and Chan, Leo Lai and Lam, Paul Kwan Sing and Murphy, Margaret B},
journal={Chemosphere},
volume={84},
number={1},
pages={117--123},
year={2011},
publisher={Elsevier}
}
@article{bomber1988r,
title={Roles of temperature, salinity, and light in seasonality, growth, and toxicity of ciguatera-causing \emph{Gambierdiscus toxicus} Adachi et Fukuyo ({D}inophyceae)},
author={Bomber, Jeffrey W and Guillard, Robert RL and Nelson, Walter G},
journal={Journal of experimental marine biology and ecology},
volume={115},
number={1},
pages={53--65},
year={1988},
publisher={Elsevier}
}
@inproceedings{adachiICHA,
author={Adachi, M. and Yoshimatsu, T. and Cho, C. and Yoshioka, T. and Nishimura, T. and Tanaka, K. and Yamaguchi, H.},
title={Evaluation of the effects of irradiance on the growth of {J}apanese \emph{{G}ambierdiscus} species and their vertical distribution in {J}apanese coastal waters},
publisher={\emph{Presented at the 16th {ICHA}}, Wellington, New Zealand},
year={2014}
}
@inproceedings{sianoICHA,
author={Le Bescot, N. and Mahe, F. and Audic, S. and Garet, M. and Poulain, J. and Wincker, P. and de Vargas, C. and Siano, R.},
title={Global pattern of pelagic dinoflagellate diversity across protist size classes},
publisher={\emph{Presented at the 16th {ICHA}}, Wellington, New Zealand},
year={2014}
}
@inproceedings{edvardsonICHA,
author={Edvardson, B. and Stadniczenko, S. and Fodor, L. and Eikrem, W. and Hostyeva, R. and Logares, R. and Egge, E.},
title={Diversity and seasonal dynamics of small dinoflagellates in the {S}kagerrak, {N}orway revealed by 454 pyrosequencing and microscopy},
publisher={\emph{Presented at the 16th {ICHA}}, Wellington, New Zealand},
year={2014}
}
@inproceedings{karlsenICHA,
author={Karlsen, B. and Hu, Y. and Andersson, A.},
title={High-throughput DNA sequencing reveals the distribution of harmful algal bloom species in the {B}altic {S}ea},
publisher={\emph{Presented at the 16th {ICHA}}, Wellington, New Zealand},
year={2014}
}
@inproceedings{parsonICHA,
author={Parson, M. and Brandt, A. and Ellsworth, A. and Leynse, A.},
title={Does \emph{{G}ambierdiscus} really demonstrate substrate preferences\?},
publisher={\emph{Presented at the 16th {ICHA}}, Wellington, New Zealand},
year={2014}
}
@inproceedings{testerICHA,
author={Tester, P.},
title={Biogeography and toxicity of \emph{{G}ambierdiscus} species},
publisher={\emph{Presented at the 16th {ICHA}}, Wellington, New Zealand},
year={2014}
}
@inproceedings{tester2ICHA,
author={Magnien, R. and Chinain, M. and Enevoldsen, H. and Hallegraeff, G. and Hess, P. and Kudela, R. and Llewellyn, L. and Tester, P. and Usup, G.},
title={A global strategy to advance the science and management of ciguatera fish poisoning},
publisher={\emph{Presented at the 16th {ICHA}}, Wellington, New Zealand},
year={2014}
}
@inproceedings{mundyICHA,
author={Munday, R.},
title={Risk assessment of seafood toxins},
publisher={\emph{Presented at the 16th {ICHA}}, Wellington, New Zealand},
year={2014}
}
@inproceedings{makICHA,
author={Mak, Y. and Kang, Y. and Liu, C. and Lam, P. and Chen, Y. and Chan, L.},
title={Effects of long-term repeated exposure of {P}acific ciguatoxins ({P}-{CTX}s) in orange spotted groupers (\emph{{E}phinephelus coioides})},
publisher={\emph{Presented at the 16th {ICHA}}, Wellington, New Zealand},
year={2014}
}
@inproceedings{selwoodICHA,
author={Selwood, A. and Harwood, T. and Rhodes, L.},
title={Development of a {UPLC}-{MS}/{MS} method for the analysis of toxins produced by \emph{{G}ambierdiscus}},
publisher={\emph{Presented at the 16th {ICHA}}, Wellington, New Zealand},
year={2014}
}
@article{fraga2014genus,
title={Genus \emph{Gambierdiscus} in the {C}anary {I}slands ({NE} {A}tlantic {O}cean) with Description of \emph{Gambierdiscus silvae} sp. nov., a New Potentially Toxic Epiphytic Benthic Dinoflagellate},
author={Fraga, Santiago and Rodriguez, Francisco},
journal={Protist},
year={2014},
publisher={Elsevier}
}
@book{botana2014seafood,
title={Seafood and Freshwater toxins: pharmacology, physiology, and detection},
author={Botana, L.},
chapter={7},
year={2014},
publisher={CRC Press}
}
@article{tester2014sampling,
title={Sampling harmful benthic dinoflagellates: Comparison of artificial and natural substrate methods},
author={Tester, Patricia A and Kibler, Steven R and Holland, William C and Usup, Gires and Vandersea, Mark W and Leaw, Chui Pin and Teen, Lim Po and Larsen, Jacob and Mohammad-Noor, Normawaty and Faust, Maria A and others},
journal={Harmful Algae},
volume={39},
pages={8--25},
year={2014},
publisher={Elsevier}
}
@article{o2012linking,
title={Linking ciguatera poisoning to spatial ecology of fish: A novel approach to examining the distribution of biotoxin levels in the great barracuda by combining non-lethal blood sampling and biotelemetry},
author={O'Toole, Amanda C and Dechraoui Bottein, Marie-Yasmine and Danylchuk, Andy J and Ramsdell, John S and Cooke, Steven J},
journal={Science of the Total Environment},
volume={427},
pages={98--105},
year={2012},
publisher={Elsevier}
}
@incollection{pottier2001ciguatera,
title={Ciguatera fish poisoning in the Caribbean islands and Western Atlantic},
author={Pottier, Ivannah and Vernoux, Jean-Paul and Lewis, Richard J},
booktitle={Reviews of environmental contamination and toxicology},
pages={99--141},
year={2001},
publisher={Springer}
}
@article{lewis1984ciguatoxin,
title={Ciguatoxin from the flesh and viscera of the barracuda, \emph{Sphyraena jello}},
author={Lewis, Richard J and Endean, Robert},
journal={Toxicon},
volume={22},
number={5},
pages={805--810},
year={1984},
publisher={Elsevier}
}
@article{lewis1997characterization,
title={Characterization of ciguatoxins and ciguatoxin congeners present in ciguateric fish by gradient reverse-phase high-performance liquid chromatography/mass spectrometry},
author={Lewis, Richard J and Jones, Alun},
journal={Toxicon},
volume={35},
number={2},
pages={159--168},
year={1997},
publisher={Elsevier}
}
@article{scheuer1967ciguatoxin,
title={Ciguatoxin: isolation and chemical nature},
author={Scheuer, Paul J and Takahashi, Wataru and Tsutsumi, Junzo and Yoshida, Tamao},
journal={Science},
volume={155},
number={3767},
pages={1267--1268},
year={1967},
publisher={American Association for the Advancement of Science}
}
@article{laurent2012ciguatera,
title={Ciguatera Shellfish Poisoning, a new ecotoxicological phenomenon from cyanobacteria to human via giant clams},
author={Laurent, D and Kerbrat, AS and Darius, HT and Rossi, F and Yeeting, B and Haddad, M and Golubic, S and Pauillac, S and Chinain, M and Jensen, MA and others},
journal={Food chain: new research},
pages={1--44},
year={2012},
publisher={Nova Publishers, Chap 1; New York (NY)}
}
@book{park2000microbial,
title={Microbial toxins in foods: algal, fungal, and bacterial},
author={Park, Douglas L and Ayala, Carlos E and Guzman-Perez, Sonia E and Lopez-Garcia, Rebeca and Trujillo, Socrates},
chapter={5},
year={2000},
publisher={CRC Press, Boca Raton, FL}
}
@article{arnett2007ciguatera,
title={Ciguatera fish poisoning: impact for the military health care provider},
author={Arnett, Michael V and Lim, Julia T},
journal={Military medicine},
volume={172},
number={9},
pages={1012},
year={2007},
publisher={Washington, DC: Association of Military Surgeons, United States, 1955-}
}
@article{lucas1997pacific,
title={Pacific Ciguatoxin-1 associated with a large common-source outbreak of Ciguatera in East Arnhem Land, Australia},
author={Lucas, Richard E and Lewis, Richard J and Taylor, Jennifer M},
journal={Natural toxins},
volume={5},
number={4},
pages={136--140},
year={1997},
publisher={Wiley Online Library}
}
@article{wong2009solid,
title={Solid-phase extraction clean-up of ciguatoxin-contaminated coral fish extracts for use in the mouse bioassay},
author={Wong, Chun Kwan and Hung, Patricia and Lee, Kellie LH and Kam, Kai Man},
journal={Food Additives and Contaminants},
volume={26},
number={2},
pages={236--247},
year={2009},
publisher={Taylor \& Francis}
}
@article{lechuga1995documented,
title={Documented case of ciguatera on the Mexican Pacific coast},
author={Lechuga-Dev{\'e}ze, Carlos H and Sierra-Beltr{\'a}n, Arturo P},
journal={Natural Toxins},
volume={3},
number={6},
pages={415--418},
year={1995},
publisher={Wiley Online Library}
}
@article{sierra1998overview,
title={An overview of the marine food poisoning in Mexico},
author={Sierra-Beltran, AP and Cruz, A and Nunez, E and Del Villar, LM and Cerecero, J and Ochoa, JL},
journal={Toxicon},
volume={36},
number={11},
pages={1493--1502},
year={1998},
publisher={Elsevier}
}
@article{pompon1983ciguatera,
title={[Ciguatera: a rapid procedure for extraction of ciguatoxin]},
author={Pompon, A and Bagnis, R},
journal={Toxicon: official journal of the International Society on Toxinology},
volume={22},
number={3},
pages={479--482},
year={1983}
}
@article{lewis1992multiple,
title={Multiple ciguatoxins in the flesh of fish},
author={Lewis, Richard J and Sellin, Michelle},
journal={Toxicon},
volume={30},
number={8},
pages={915--919},
year={1992},
publisher={Elsevier}
}
@article{pottier2003identification,
title={Identification of slow and fast-acting toxins in a highly ciguatoxic barracuda (\emph{Sphyraena barracuda}) by HPLC/MS and radiolabelled ligand binding},
author={Pottier, Ivannah and Hamilton, Brett and Jones, Alun and Lewis, Richard J and Vernoux, Jean Paul},
journal={Toxicon},
volume={42},
number={6},
pages={663--672},
year={2003},
publisher={Elsevier}
}
@article{yogi2011detailed,
title={Detailed LC-MS/MS analysis of ciguatoxins revealing distinct regional and species characteristics in fish and causative alga from the Pacific},
author={Yogi, Kentaro and Oshiro, Naomasa and Inafuku, Yasuo and Hirama, Masahiro and Yasumoto, Takeshi},
journal={Analytical chemistry},
volume={83},
number={23},
pages={8886--8891},
year={2011},
publisher={ACS Publications}
}
@article{bentur2007ciguatoxin,
title={Ciguatoxin-like substances in edible fish on the eastern Mediterranean},
author={Bentur, Yedidia and Spanier, Ehud},
journal={Clinical toxicology},
volume={45},
number={6},
pages={695--700},
year={2007},
publisher={Informa UK Ltd UK}
}
@article{ebesu1994first,
title={The first reported case of human ciguatera possibly due to a farm-cultured salmon},
author={Ebesu, Joanne SM and Nagai, Hiroshi and Hokama, Yoshitsugi},
journal={Toxicon},
volume={32},
number={10},
pages={1282--1286},
year={1994},
publisher={Elsevier}
}
@article{bottein2011identification,
title={Identification of ciguatoxins in Hawaiian monk seals \emph{Monachus schauinslandi} from the northwestern and main Hawaiian Islands},
author={Bottein, Marie-Yasmine Dechraoui and Kashinsky, Lizabeth and Wang, Zhihong and Littnan, Charles and Ramsdell, John S},
journal={Environmental science \& technology},
volume={45},
number={12},
pages={5403--5409},
year={2011},
publisher={ACS Publications}
}
@article{pottier2002analysis,
title={Analysis of toxin profiles in three different fish species causing ciguatera fish poisoning in Guadeloupe, French West Indies},
author={Pottier, I and Vernoux, JP and Jones, A and Lewis, RJ},
journal={Food Additives \& Contaminants},
volume={19},
number={11},
pages={1034--1042},
year={2002},
publisher={Taylor \& Francis}
}
@article{parrilla1992outbreaks,
title={Outbreaks of food poisonings of microbial and parasitic origins},
author={Parrilla-Cerrillo, MC and Vazquez-Castellanos, JL and Saldate-Castaneda, EO and Nava-Fernandez, LM},
journal={Salud publica de Mexico},
volume={35},
number={5},
pages={456--463},
year={1992}
}
@article{hokama1993evaluation,
title={Evaluation of the Hawaiian reef fishes with the solid phase immunobead assay},
author={Hokama, Y and Asahina, AY and Shang, ES and Hong, TWP and Shirai, JLR},
journal={Journal of clinical laboratory analysis},
volume={7},
number={1},
pages={26--30},
year={1993},
publisher={Wiley Online Library}
}
@misc{chinain2014mail,
author={Chinain, M.},
title={List of ciguateric fish in French Polynesia completed 07.11.2014},
howpublished={private communication},
year={2014}
}
@article{satake1993gambierol,
title={Gambierol: a new toxic polyether compound isolated from the marine dinoflagellate \emph{Gambierdiscus toxicus}},
author={Satake, Masayuki and Murata, Michio and Yasumoto, Takeshi},
journal={Journal of the American Chemical Society},
volume={115},
number={1},
pages={361--362},
year={1993},
publisher={ACS Publications}
}
@article{ito2003pathological,
title={Pathological effects on mice by gambierol, possibly one of the ciguatera toxins},
author={Ito, Emiko and Suzuki-Toyota, Fumie and Toshimori, Kiyotaka and Fuwa, Haruhiko and Tachibana, Kazuo and Satake, Masayuki and Sasaki, Makoto},
journal={Toxicon},
volume={42},
number={7},
pages={733--740},
year={2003},
publisher={Elsevier}
}
@article{nagai1992gambieric,
title={Gambieric acids, new potent antifungal substances with unprecedented polyether structures from a marine dinoflagellate \emph{Gambierdiscus toxicus}},
author={Nagai, Hiroshi and Murata, Michio and Torigoe, Koichiro and Satake, Masayuki and Yasumoto, Takeshi},
journal={The Journal of Organic Chemistry},
volume={57},
number={20},
pages={5448--5453},
year={1992},
publisher={ACS Publications}
}
@article{vernoux1985chick,
title={Chick feeding test: a simple system to detect ciguatoxin.},
author={Vernoux, JP and Lahlou, N and Magras, LPh and Greaux, JB},
journal={Acta tropica},
volume={42},
number={3},
pages={235--240},
year={1985}
}
@article{fao2004ciguatera,
title={Ciguatera Fish Poisoning},
author={FAO},
journal={Marine Biotoxins. FAO Food and Nutrition Paper 80},
pages={185--218},
year={2004},
publisher={Food and Agriculture Organization of the United Nations Rome, Italy}
}
@article{rivoliana1999ciguatera,
title={Ciguatera Fish Poisoning, Canary Islands},
author={Rivoliana, Seriola},
journal={Euro Surveill},
volume={4},
pages={77},
year={1999}
}
@article{gentekaki2014large,
title={Large-scale phylogenomic analysis reveals the phylogenetic position of the problematic taxon \emph{Protocruzia} and unravels the deep phylogenetic affinities of the ciliate lineages},
author={Gentekaki, E and Kolisko, M and Boscaro, V and Bright, KJ and Dini, F and Di Giuseppe, G and Gong, Y and Miceli, C and Modeo, L and Molestina, RE and others},
journal={Molecular phylogenetics and evolution},
volume={78},
pages={36--42},
year={2014},
publisher={Elsevier}
}
@article{bachvaroff2014dinoflagellate,
title={Dinoflagellate phylogeny revisited: Using ribosomal proteins to resolve deep branching dinoflagellate clades},
author={Bachvaroff, Tsvetan R and Gornik, Sebastian G and Concepcion, Gregory T and Waller, Ross F and Mendez, Gregory S and Lippmeier, J Casey and Delwiche, Charles F},
journal={Molecular phylogenetics and evolution},
volume={70},
pages={314--322},
year={2014},
publisher={Elsevier}
}
@article{gontcharov2004combined,
title={Are combined analyses better than single gene phylogenies? A case study using {SSU rDNA} and \emph{rbcL} sequence comparisons in the Zygnematophyceae (Streptophyta)},
author={Gontcharov, Andrey A and Marin, Birger and Melkonian, Michael},
journal={Molecular Biology and Evolution},
volume={21},
number={3},
pages={612--624},
year={2004},
publisher={SMBE}
}
@article{pupko2002combining,
title={Combining multiple data sets in a likelihood analysis: which models are the best?},
author={Pupko, Tal and Huchon, Doroth{\'e}e and Cao, Ying and Okada, Norihiro and Hasegawa, Masami},
journal={Molecular Biology and Evolution},
volume={19},
number={12},
pages={2294--2307},
year={2002},
publisher={SMBE}
}
@article{murray2005improving,
title={Improving the analysis of dinoflagellate phylogeny based on {rDNA}},
author={Murray, Shauna and J{\o}rgensen, M{\aa}rten Fl{\o} and Ho, Simon YW and Patterson, David J and Jermiin, Lars S},
journal={Protist},
volume={156},
number={3},
pages={269--286},
year={2005},
publisher={Elsevier}
}
@article{orr2012naked,
title={When naked became armored: an eight-gene phylogeny reveals monophyletic origin of theca in dinoflagellates},
author={Orr, Russell JS and Murray, Shauna A and St{\"u}ken, Anke and Rhodes, Lesley and Jakobsen, Kjetill S},
journal={PLoS ONE},
year={2012}
}
@article{zhang2007spliced,
title={Spliced leader RNA trans-splicing in dinoflagellates},
author={Zhang, Huan and Hou, Yubo and Miranda, Lilibeth and Campbell, David A and Sturm, Nancy R and Gaasterland, Terry and Lin, Senjie},
journal={Proceedings of the National Academy of Sciences},
volume={104},
number={11},
pages={4618--4623},
year={2007},
publisher={National Acad Sciences}
}
@article{zhang2013proof,
title={Proof that dinoflagellate spliced leader (DinoSL) is a useful hook for fishing dinoflagellate transcripts from mixed microbial samples: \emph{Symbiodinium kawagutii} as a case study},
author={Zhang, Huan and Zhuang, Yunyun and Gill, John and Lin, Senjie},
journal={Protist},
volume={164},
number={4},
pages={510--527},
year={2013},
publisher={Elsevier}
}
@inproceedings{lin2010dinoflagellate,
title={Dinoflagellate meta-transcriptomics enabled by spliced leader},
author={Lin, S and Zhang, H},
booktitle={13th International Conference on Harmful Algae. Hong Kong},
pages={166--170},
year={2010}
}
@article{lin2010spliced,
title={Spliced leader - based metatranscriptomic analyses lead to recognition of hidden genomic features in dinoflagellates},
author={Lin, Senjie and Zhang, Huan and Zhuang, Yunyun and Tran, Bao and Gill, John},
journal={Proceedings of the National Academy of Sciences},
volume={107},
number={46},
pages={20033--20038},
year={2010},
publisher={National Acad Sciences}
}
@article{rein1999polyketides,
title={Polyketides from dinoflagellates: origins, pharmacology and biosynthesis},
author={Rein, Kathleen S and Borrone, James},
journal={Comparative Biochemistry and Physiology Part B: Biochemistry and Molecular Biology},
volume={124},
number={2},
pages={117--131},
year={1999},
publisher={Elsevier}
}
@article{monroe2008toxic,
title={The toxic dinoflagellate \emph{Karenia brevis} encodes novel type I-like polyketide synthases containing discrete catalytic domains},
author={Monroe, Emily A and Van Dolah, Frances M},
journal={Protist},
volume={159},
number={3},
pages={471--482},
year={2008},
publisher={Elsevier}
}
@article{eichholz2012putative,
title={Putative monofunctional type I polyketide synthase units: a dinoflagellate-specific feature?},
author={Eichholz, Karsten and Beszteri, B{\'a}nk and John, Uwe},
journal={PLoS ONE},
year={2012}
}
@article{monroe2010characterization,
title={Characterization and expression of nuclear-encoded polyketide synthases in the brevetoxin-producing finoflagellate \emph{Karenia brevis}},
author={Monroe, Emily A and Johnson, Jillian G and Wang, Zhihong and Pierce, Richard K and Van Dolah, Frances M},
journal={Journal of {P}hycology},
volume={46},
number={3},
pages={541--552},
year={2010},
publisher={Wiley Online Library}
}
@article{kohli2015polyketide,
title={Polyketide synthesis genes associated with toxin production in two species of \emph{Gambierdiscus} ({D}inophyceae)},
author={Kohli, Gurjeet S and John, Uwe and Figueroa, Rosa I and Rhodes, Lesley L and Harwood, D Tim and Groth, Marco and Bolch, Christopher JS and Murray, Shauna A},
journal={BMC genomics},
volume={16},
number={1},
pages={410},
year={2015},
publisher={BioMed Central Ltd}
}
@article{ryan2014novo,
title={De novo assembly and characterization of the transcriptome of the toxic dinoflagellate \emph{Karenia brevis}},
author={Ryan, Darcie E and Pepper, Alan E and Campbell, Lisa},
journal={BMC genomics},
volume={15},
number={1},
pages={888},
year={2014},
publisher={BioMed Central Ltd}
}
@article{salcedo2012dozens,
title={Dozens of toxin-related genes are expressed in a nontoxic strain of the dinoflagellate \emph{Heterocapsa circularisquama}},
author={Salcedo, Tovah and Upadhyay, Ravi J and Nagasaki, Keizo and Bhattacharya, Debashish},
journal={Molecular biology and evolution},
volume={29},
number={6},
pages={1503--1506},
year={2012},
publisher={SMBE}
}
@article{meyer20152transcriptomic,
title={Transcriptomic characterisation and genomic glimps into the toxigenic dinoflagellate \emph{Azadinium spinosum}, with emphasis on polykeitde synthase genes},
author={Meyer, Jan M and R{\"o}delsperger, Christian and Eichholz, Karsten and Tillmann, Urban and Cembella, Allan and McGaughran, Angela and John, Uwe},
journal={BMC genomics},
volume={16},
number={1},
pages={27},
year={2015},
publisher={BioMed Central Ltd}
}
@article{keeling2014marine,
title={The {M}arine {M}icrobial {E}ukaryote {T}ranscriptome {S}equencing {P}roject {(MMETSP)}: illuminating the functional diversity of eukaryotic life in the oceans through transcriptome sequencing},
author={Keeling, Patrick J and Burki, Fabien and Wilcox, Heather M and Allam, Bassem and Allen, Eric E and Amaral-Zettler, Linda A and Armbrust, E Virginia and Archibald, John M and Bharti, Arvind K and Bell, Callum J and others},
journal={PloS one},
year={2014}
}
@article{litaker2005reclassification,
title={The reclassification of \emph{Pfiesteria shumwayae} ({D{inophyceae): \emph{Pseudopfiesteria}, gen. nov.},
author={Litaker, Wayne and Steidinger, Karen A and Mason, Patrice L and Landsberg, Jan H and Shields, Jeffrey D and Reece, Kimberly S and Haas, Leonard W and Vogelbein, Wolfgang K and Vandersea, Mark W and Kibler, Steven R and others},
journal={Journal of {P}hycology},
volume={41},
number={3},
pages={643--651},
year={2005}
}
@article{zhang2005phylogeny,
title={Phylogeny of dinoflagellates based on mitochondrial cytochrome b and nuclear small subunit {rDNA} sequence comparisons},
author={Zhang, Huan and Bhattacharya, Debashish and Lin, Senjie},
journal={Journal of {P}hycology},
volume={41},
number={2},
pages={411--420},
year={2005},
publisher={Wiley Online Library}
}
@article{zhang2008mitochondrial,
title={Mitochondrial cob and cox1 genes and editing of the corresponding {mRNAs} in \emph{{D}inophysis acuminata} from {N}arragansett {B}ay, with special reference to the phylogenetic position of the genus \emph{Dinophysis}},
author={Zhang, Huan and Bhattacharya, Debashish and Maranda, Lucie and Lin, Senjie},
journal={Applied and environmental microbiology},
volume={74},
number={5},
pages={1546--1554},
year={2008},
publisher={Am Soc Microbiol}
}
@article{vandersea2012development,
title={Development of semi-quantitative pcr assays for the detection and enumeration of \emph{Gambierdiscus} species ({G}onyaulacales, {D}inophyceae) 1},
author={Vandersea, Mark W and Kibler, Steven R and Holland, William C and Tester, Patricia A and Schultz, Thomas F and Faust, Maria A and Holmes, Michael J and Chinain, Mirelle and Wayne Litaker, R},
journal={Journal of {P}hycology},
volume={48},
number={4},
pages={902--915},
year={2012},
publisher={Wiley Online Library}
}
@article{lin2011genomic,
title={Genomic understanding of dinoflagellates},
author={Lin, Senjie},
journal={Research in microbiology},
volume={162},
number={6},
pages={551--569},
year={2011},
publisher={Elsevier}
}
@article{zhou1999analysis,
  title={Analysis of genetic structure of a \emph{Suillus grevillei} population in a \emph{Larix kaempferi} stand by polymorphism of inter-simple sequence repeat ({ISSR})},
  author={Zhou, Zhihua and Miwa, Makoto and Hogetsu, Taizo},
  journal={New Phytologist},
  volume={144},
  number={1},
  pages={55--63},
  year={1999},
  publisher={Wiley Online Library}
}
@article{scholin1994identification,
  title={Identification of group-and strain-specific genetic markers for globally distributed \emph{Alexandrium} ({D}inophyceae), II. {S}equence analysis of a fragment of the {LSU} {rRNA} gene},
  author={Scholin, C. A.},
  journal={Journal of {P}hycology},
  volume={30},
  pages={999--1011},
  year={1994}
}
@article{nunn1996simplicity,
  title={Simplicity-correlated size growth of the nuclear 28{S} ribosomal {RNA} {D}3 expansion segment in the crustacean order {I}sopoda},
  author={Nunn, GB and Theisen, BF and Christensen, B and Arctander, P},
  journal={Journal of Molecular Evolution},
  volume={42},
  number={2},
  pages={211--223},
  year={1996},
  publisher={Springer}
}
@article{bravo2014cellular,
  title={Cellular and nuclear morphological variability within a single species of the toxigenic dinoflagellate genus \emph{Gambierdiscus}: {R}elationship to life-cycle processes},
  author={Bravo, Isabel and Figueroa, Rosa Isabel and Fraga, Santiago},
  journal={Harmful Algae},
  volume={40},
  pages={1--8},
  year={2014},
  publisher={Elsevier}
}
@article{gomez2015fukuyoa,
  title={\emph{Fukuyoa paulensis} gen. et sp. nov., a New Genus for the Globular Species of the Dinoflagellate \emph{Gambierdiscus} ({D}inophyceae)},
  author={G{\'o}mez, Fernando and Qiu, Dajun and Lopes, Rubens M and Lin, Senjie},
  year={2015},
  journal={Journal of Molecular Evolution}
}
@article{kearse2012geneious,
  title={Geneious Basic: an integrated and extendable desktop software platform for the organization and analysis of sequence data},
  author={Kearse, Matthew and Moir, Richard and Wilson, Amy and Stones-Havas, Steven and Cheung, Matthew and Sturrock, Shane and Buxton, Simon and Cooper, Alex and Markowitz, Sidney and Duran, Chris and others},
  journal={Bioinformatics},
  volume={28},
  number={12},
  pages={1647--1649},
  year={2012},
  publisher={Oxford Univ Press}
}
@article{yang2011grazer,
  title={Grazer-induced toxin formation in dinoflagellates: a transcriptomic model study},
  author={Yang, Ines and Selander, Erik and Pavia, Henrik and John, Uwe},
  journal={European Journal of {P}hycology},
  volume={46},
  number={1},
  pages={66--73},
  year={2011},
  publisher={Taylor \& Francis}
}
@article{van2014stoichiometric,
  title={Stoichiometric regulation of phytoplankton toxins},
  author={Van de Waal, Dedmer B and Smith, Val H and Declerck, Steven AJ and Stam, Eva and Elser, James J},
  journal={Ecology letters},
  volume={17},
  number={6},
  pages={736--742},
  year={2014},
  publisher={Wiley Online Library}
}
@article{wisecaver2011dinoflagellate,
  title={Dinoflagellate genome evolution},
  author={Wisecaver, Jennifer H and Hackett, Jeremiah D},
  journal={Annual review of microbiology},
  volume={65},
  pages={369--387},
  year={2011},
  publisher={Annual Reviews}
}
@article{chinain2010ciguatera,
  title={Ciguatera risk management in {F}rench {P}olynesia: the case study of {R}aivavae {I}sland ({A}ustrales {A}rchipelago)},
  author={Chinain, Mireille and Darius, H Taiana and Ung, Andre and Fouc, Mote Tchou and Revel, Taina and Cruchet, Philippe and Pauillac, Serge and Laurent, Dominique},
  journal={Toxicon},
  volume={56},
  number={5},
  pages={674--690},
  year={2010},
  publisher={Elsevier}
}

@article{murray2015gene,
  title={Gene duplication, loss and selection in the evolution of saxitoxin biosynthesis in alveolates},
  author={Murray, Shauna A and Diwan, Rutuja and Orr, Russell JS and Kohli, Gurjeet S and John, Uwe},
  journal={Molecular phylogenetics and evolution},
  volume={92},
  pages={165--180},
  year={2015},
  publisher={Elsevier}
}
@book{hallegraeff2010algae,
  title={Algae of {A}ustralia: phytoplankton of temperate coastal waters.},
  author={Hallegraeff, Gustaaf M and Bolch, CJS and Hill, DRA and Jameson, I and LeRoi, JM and McMinn, A and Murray, S and De Salas, MF and Saunders, K and de Salas, MF and others},
  year={2010}
}
@article{skinner2011ciguatera,
  title={Ciguatera fish poisoning in the {P}acific {I}slands (1998 to 2008)},
  author={Skinner, Mark P and Brewer, Tom D and Johnstone, Ron and Fleming, Lora E and Lewis, Richard J},
  journal={PLoS Negl Trop Dis},
  volume={5},
  number={12},
  pages={e1416},
  year={2011}
}
@article{edgar2004muscle,
  title={{MUSCLE}: multiple sequence alignment with high accuracy and high throughput},
  author={Edgar, Robert C},
  journal={Nucleic acids research},
  volume={32},
  number={5},
  pages={1792--1797},
  year={2004},
  publisher={Oxford Univ Press}
}
@article{sanderson2007inferring,
  title={Inferring angiosperm phylogeny from {EST} data with widespread gene duplication},
  author={Sanderson, Michael J and McMahon, Michelle M},
  journal={BMC evolutionary biology},
  volume={7},
  number={Suppl 1},
  pages={S3},
  year={2007},
  publisher={BioMed Central Ltd}
}
@article{yang2015dissecting,
  title={Dissecting molecular evolution in the highly diverse plant clade {C}aryophyllales using transcriptome sequencing},
  author={Yang, Ya and Moore, Michael J and Brockington, Samuel F and Soltis, Douglas E and Wong, Gane Ka-Shu and Carpenter, Eric J and Zhang, Yong and Chen, Li and Yan, Zhixiang and Xie, Yinlong and others},
  journal={Molecular biology and evolution},
  pages={msv081},
  year={2015},
  publisher={SMBE}
}
@manual{globalcig,
title={Global Ciguatera Strategy},
author={{Intergovernmental Oceanographic Commission of UNESCO}},
note={\url{http://hab.ioc-unesco.org/index.php?option=com_oe&task=viewDocumentRecord&docID=15111&allversions=0}},
year={2015 (accessed January 7, 2016)}
}
@article{minor2014per,
  title={The Per Case and Total Annual Costs of Foodborne Illness in the {U}nited {S}tates},
  author={Minor, Travis and Lasher, Angela and Klontz, Karl and Brown, Bradley and Nardinelli, Clark and Zorn, David},
  journal={Risk Analysis},
  year={2014},
  publisher={Wiley Online Library}
}
@article{sperr1996variation,
  title={Variation in growth rate and ciguatera toxin production among geographically distinct isolates of \emph{{G}ambierdiscus toxicus}},
  author={Sperr, AE and Doucette, GJ},
  journal={Harmful and Toxic Algal Blooms.},
  pages={309--312},
  year={1996}
}
@article{guindon2003simple,
  title={A simple, fast, and accurate algorithm to estimate large phylogenies by maximum likelihood},
  author={Guindon, St{\'e}phane and Gascuel, Olivier},
  journal={Systematic biology},
  volume={52},
  number={5},
  pages={696--704},
  year={2003},
  publisher={Oxford University Press}
}
@article{ronquist2003mrbayes,
  title={MrBayes 3: Bayesian phylogenetic inference under mixed models},
  author={Ronquist, Fredrik and Huelsenbeck, John P},
  journal={Bioinformatics},
  volume={19},
  number={12},
  pages={1572--1574},
  year={2003},
  publisher={Oxford Univ Press}
}

